%YAML 1.1
%TAG !u! tag:unity3d.com,2011:
--- !u!1 &176288751070479923
GameObject:
  m_ObjectHideFlags: 0
  m_CorrespondingSourceObject: {fileID: 0}
  m_PrefabInstance: {fileID: 0}
  m_PrefabAsset: {fileID: 0}
  serializedVersion: 6
  m_Component:
  - component: {fileID: 7517443119605032914}
  m_Layer: 0
  m_Name: RArm_Fing4_Bn_01
  m_TagString: Untagged
  m_Icon: {fileID: 0}
  m_NavMeshLayer: 0
  m_StaticEditorFlags: 0
  m_IsActive: 1
--- !u!4 &7517443119605032914
Transform:
  m_ObjectHideFlags: 0
  m_CorrespondingSourceObject: {fileID: 0}
  m_PrefabInstance: {fileID: 0}
  m_PrefabAsset: {fileID: 0}
  m_GameObject: {fileID: 176288751070479923}
  m_LocalRotation: {x: 0.7087134, y: -0.052356556, z: 0.00027498737, w: 0.70355105}
  m_LocalPosition: {x: -0.49362242, y: 0.0045913695, z: -0.2276314}
  m_LocalScale: {x: 0.99999976, y: 0.9999998, z: 1}
  m_Children:
  - {fileID: 3468067882210759841}
  m_Father: {fileID: 6729700581874211026}
  m_RootOrder: 3
  m_LocalEulerAnglesHint: {x: 0, y: 0, z: 0}
--- !u!1 &200051932014310805
GameObject:
  m_ObjectHideFlags: 0
  m_CorrespondingSourceObject: {fileID: 0}
  m_PrefabInstance: {fileID: 0}
  m_PrefabAsset: {fileID: 0}
  serializedVersion: 6
  m_Component:
  - component: {fileID: 7930984172766092844}
  m_Layer: 0
  m_Name: RLeg_lowLeg_Be_01
  m_TagString: Untagged
  m_Icon: {fileID: 0}
  m_NavMeshLayer: 0
  m_StaticEditorFlags: 0
  m_IsActive: 1
--- !u!4 &7930984172766092844
Transform:
  m_ObjectHideFlags: 0
  m_CorrespondingSourceObject: {fileID: 0}
  m_PrefabInstance: {fileID: 0}
  m_PrefabAsset: {fileID: 0}
  m_GameObject: {fileID: 200051932014310805}
  m_LocalRotation: {x: -0.00000809099, y: -0.0000136074805, z: 0.47525814, w: 0.8798464}
  m_LocalPosition: {x: -1.4903005, y: -0.00000028610228, z: -0.000000038146972}
  m_LocalScale: {x: 1.0000004, y: 1.0000005, z: 1}
  m_Children: []
  m_Father: {fileID: 1286073723587342984}
  m_RootOrder: 1
  m_LocalEulerAnglesHint: {x: 0, y: 0, z: 0}
--- !u!1 &220369084092317604
GameObject:
  m_ObjectHideFlags: 0
  m_CorrespondingSourceObject: {fileID: 0}
  m_PrefabInstance: {fileID: 0}
  m_PrefabAsset: {fileID: 0}
  serializedVersion: 6
  m_Component:
  - component: {fileID: 6949578195730111374}
  m_Layer: 0
  m_Name: LArm_Fing4_Bn_03
  m_TagString: Untagged
  m_Icon: {fileID: 0}
  m_NavMeshLayer: 0
  m_StaticEditorFlags: 0
  m_IsActive: 1
--- !u!4 &6949578195730111374
Transform:
  m_ObjectHideFlags: 0
  m_CorrespondingSourceObject: {fileID: 0}
  m_PrefabInstance: {fileID: 0}
  m_PrefabAsset: {fileID: 0}
  m_GameObject: {fileID: 220369084092317604}
  m_LocalRotation: {x: -0.00000006624503, y: -0.00003487319, z: 0.0049104486, w: 0.99998796}
  m_LocalPosition: {x: -0.11910797, y: 0, z: 0}
  m_LocalScale: {x: 0.99999994, y: 1.0000001, z: 0.99999994}
  m_Children:
  - {fileID: 8110801963495705752}
  m_Father: {fileID: 7442947562351471001}
  m_RootOrder: 0
  m_LocalEulerAnglesHint: {x: 0, y: 0, z: 0}
--- !u!1 &264555511850435027
GameObject:
  m_ObjectHideFlags: 0
  m_CorrespondingSourceObject: {fileID: 0}
  m_PrefabInstance: {fileID: 0}
  m_PrefabAsset: {fileID: 0}
  serializedVersion: 6
  m_Component:
  - component: {fileID: 8850325535004879550}
  m_Layer: 0
  m_Name: RArm_Fing1_Bn_02
  m_TagString: Untagged
  m_Icon: {fileID: 0}
  m_NavMeshLayer: 0
  m_StaticEditorFlags: 0
  m_IsActive: 1
--- !u!4 &8850325535004879550
Transform:
  m_ObjectHideFlags: 0
  m_CorrespondingSourceObject: {fileID: 0}
  m_PrefabInstance: {fileID: 0}
  m_PrefabAsset: {fileID: 0}
  m_GameObject: {fileID: 264555511850435027}
  m_LocalRotation: {x: -0.000029023357, y: -0.005831438, z: 0.0049577616, w: 0.99997073}
  m_LocalPosition: {x: -0.2818179, y: -0.00000022888183, z: 0}
  m_LocalScale: {x: 0.9999996, y: 1, z: 0.9999997}
  m_Children:
  - {fileID: 5153220779484974230}
  m_Father: {fileID: 6173480948952823552}
  m_RootOrder: 0
  m_LocalEulerAnglesHint: {x: 0, y: 0, z: 0}
--- !u!1 &277544211584646636
GameObject:
  m_ObjectHideFlags: 0
  m_CorrespondingSourceObject: {fileID: 0}
  m_PrefabInstance: {fileID: 0}
  m_PrefabAsset: {fileID: 0}
  serializedVersion: 6
  m_Component:
  - component: {fileID: 706150721575979007}
  m_Layer: 0
  m_Name: Rhand_Ctrl
  m_TagString: Untagged
  m_Icon: {fileID: 0}
  m_NavMeshLayer: 0
  m_StaticEditorFlags: 0
  m_IsActive: 1
--- !u!4 &706150721575979007
Transform:
  m_ObjectHideFlags: 0
  m_CorrespondingSourceObject: {fileID: 0}
  m_PrefabInstance: {fileID: 0}
  m_PrefabAsset: {fileID: 0}
  m_GameObject: {fileID: 277544211584646636}
  m_LocalRotation: {x: 0.005515402, y: -0.012100353, z: 0.99986684, w: 0.00946235}
  m_LocalPosition: {x: 3.5827947, y: 4.9999995, z: 0.303089}
  m_LocalScale: {x: 1, y: 1.0000001, z: 1.0000001}
  m_Children: []
  m_Father: {fileID: 3526934323091045690}
  m_RootOrder: 4
  m_LocalEulerAnglesHint: {x: 0, y: 0, z: 0}
--- !u!1 &371475692684703628
GameObject:
  m_ObjectHideFlags: 0
  m_CorrespondingSourceObject: {fileID: 0}
  m_PrefabInstance: {fileID: 0}
  m_PrefabAsset: {fileID: 0}
  serializedVersion: 6
  m_Component:
  - component: {fileID: 4214119582536771557}
  m_Layer: 0
  m_Name: RFoot_Toes2_Bn_01
  m_TagString: Untagged
  m_Icon: {fileID: 0}
  m_NavMeshLayer: 0
  m_StaticEditorFlags: 0
  m_IsActive: 1
--- !u!4 &4214119582536771557
Transform:
  m_ObjectHideFlags: 0
  m_CorrespondingSourceObject: {fileID: 0}
  m_PrefabInstance: {fileID: 0}
  m_PrefabAsset: {fileID: 0}
  m_GameObject: {fileID: 371475692684703628}
  m_LocalRotation: {x: -0.0014732678, y: -0.14630948, z: 0.0081608575, w: 0.98920417}
  m_LocalPosition: {x: -0.24652046, y: 0.0004970455, z: -0.000016946793}
  m_LocalScale: {x: 0.9999998, y: 0.9999998, z: 0.99999994}
  m_Children:
  - {fileID: 8435202974158075919}
  m_Father: {fileID: 9145303295430162417}
  m_RootOrder: 1
  m_LocalEulerAnglesHint: {x: 0, y: 0, z: 0}
--- !u!1 &375129099267517430
GameObject:
  m_ObjectHideFlags: 0
  m_CorrespondingSourceObject: {fileID: 0}
  m_PrefabInstance: {fileID: 0}
  m_PrefabAsset: {fileID: 0}
  serializedVersion: 6
  m_Component:
  - component: {fileID: 338144757039356680}
  m_Layer: 0
  m_Name: LFoot_BigToe_Be_01
  m_TagString: Untagged
  m_Icon: {fileID: 0}
  m_NavMeshLayer: 0
  m_StaticEditorFlags: 0
  m_IsActive: 1
--- !u!4 &338144757039356680
Transform:
  m_ObjectHideFlags: 0
  m_CorrespondingSourceObject: {fileID: 0}
  m_PrefabInstance: {fileID: 0}
  m_PrefabAsset: {fileID: 0}
  m_GameObject: {fileID: 375129099267517430}
  m_LocalRotation: {x: 0.0000007923241, y: -0.0000011632205, z: 0.0000012018468, w: 1}
  m_LocalPosition: {x: -0.17729133, y: 0.00000020980835, z: -0.00000091075896}
  m_LocalScale: {x: 1.0000004, y: 0.99999994, z: 1.0000001}
  m_Children: []
  m_Father: {fileID: 6078497091388145307}
  m_RootOrder: 0
  m_LocalEulerAnglesHint: {x: 0, y: 0, z: 0}
--- !u!1 &553657394177011022
GameObject:
  m_ObjectHideFlags: 0
  m_CorrespondingSourceObject: {fileID: 0}
  m_PrefabInstance: {fileID: 0}
  m_PrefabAsset: {fileID: 0}
  serializedVersion: 6
  m_Component:
  - component: {fileID: 6078497091388145307}
  m_Layer: 0
  m_Name: LFoot_BigToe_Bn_01
  m_TagString: Untagged
  m_Icon: {fileID: 0}
  m_NavMeshLayer: 0
  m_StaticEditorFlags: 0
  m_IsActive: 1
--- !u!4 &6078497091388145307
Transform:
  m_ObjectHideFlags: 0
  m_CorrespondingSourceObject: {fileID: 0}
  m_PrefabInstance: {fileID: 0}
  m_PrefabAsset: {fileID: 0}
  m_GameObject: {fileID: 553657394177011022}
  m_LocalRotation: {x: 0.68472046, y: -0.17690556, z: 0.181211, w: 0.6833922}
  m_LocalPosition: {x: -0.18978134, y: 0.0008891249, z: -0.25449064}
  m_LocalScale: {x: 0.99999964, y: 0.9999999, z: 0.9999998}
  m_Children:
  - {fileID: 338144757039356680}
  m_Father: {fileID: 839382009971354767}
  m_RootOrder: 0
  m_LocalEulerAnglesHint: {x: 0, y: 0, z: 0}
--- !u!1 &984685969022876930
GameObject:
  m_ObjectHideFlags: 0
  m_CorrespondingSourceObject: {fileID: 0}
  m_PrefabInstance: {fileID: 0}
  m_PrefabAsset: {fileID: 0}
  serializedVersion: 6
  m_Component:
  - component: {fileID: 4908987062992129437}
  m_Layer: 0
  m_Name: RPelvis_Bn_01
  m_TagString: Untagged
  m_Icon: {fileID: 0}
  m_NavMeshLayer: 0
  m_StaticEditorFlags: 0
  m_IsActive: 1
--- !u!4 &4908987062992129437
Transform:
  m_ObjectHideFlags: 0
  m_CorrespondingSourceObject: {fileID: 0}
  m_PrefabInstance: {fileID: 0}
  m_PrefabAsset: {fileID: 0}
  m_GameObject: {fileID: 984685969022876930}
  m_LocalRotation: {x: -0.39253557, y: 0.15937202, z: 0.83928686, w: 0.34075493}
  m_LocalPosition: {x: 0.00000030517577, y: 0, z: 0.00000019073485}
  m_LocalScale: {x: 1.0000004, y: 1, z: 1.0000001}
  m_Children:
  - {fileID: 7317849994668214733}
  m_Father: {fileID: 2795279562641901037}
  m_RootOrder: 1
  m_LocalEulerAnglesHint: {x: 0, y: 0, z: 0}
--- !u!1 &1104555087082191144
GameObject:
  m_ObjectHideFlags: 0
  m_CorrespondingSourceObject: {fileID: 0}
  m_PrefabInstance: {fileID: 0}
  m_PrefabAsset: {fileID: 0}
  serializedVersion: 6
  m_Component:
  - component: {fileID: 4825757558706349297}
  - component: {fileID: 5837636698692324911}
  m_Layer: 0
  m_Name: Ribcage_01
  m_TagString: Untagged
  m_Icon: {fileID: 0}
  m_NavMeshLayer: 0
  m_StaticEditorFlags: 0
  m_IsActive: 1
--- !u!4 &4825757558706349297
Transform:
  m_ObjectHideFlags: 0
  m_CorrespondingSourceObject: {fileID: 0}
  m_PrefabInstance: {fileID: 0}
  m_PrefabAsset: {fileID: 0}
  m_GameObject: {fileID: 1104555087082191144}
  m_LocalRotation: {x: 0.000000047078487, y: 0.7071067, z: -0.000000047078476, w: 0.7071069}
  m_LocalPosition: {x: -0.00416861, y: 0.9878243, z: 0.3966433}
  m_LocalScale: {x: 1, y: 1, z: 1}
  m_Children: []
  m_Father: {fileID: 1818963101550442586}
  m_RootOrder: 2
  m_LocalEulerAnglesHint: {x: 0, y: 0, z: 0}
--- !u!137 &5837636698692324911
SkinnedMeshRenderer:
  m_ObjectHideFlags: 0
  m_CorrespondingSourceObject: {fileID: 0}
  m_PrefabInstance: {fileID: 0}
  m_PrefabAsset: {fileID: 0}
  m_GameObject: {fileID: 1104555087082191144}
  m_Enabled: 1
  m_CastShadows: 1
  m_ReceiveShadows: 1
  m_DynamicOccludee: 1
  m_MotionVectors: 1
  m_LightProbeUsage: 1
  m_ReflectionProbeUsage: 1
  m_RayTracingMode: 0
  m_RenderingLayerMask: 1
  m_RendererPriority: 0
  m_Materials:
  - {fileID: 2100000, guid: d67208b915e52384a9e7db39cbfbbad0, type: 2}
  m_StaticBatchInfo:
    firstSubMesh: 0
    subMeshCount: 0
  m_StaticBatchRoot: {fileID: 0}
  m_ProbeAnchor: {fileID: 0}
  m_LightProbeVolumeOverride: {fileID: 0}
  m_ScaleInLightmap: 1
  m_ReceiveGI: 1
  m_PreserveUVs: 0
  m_IgnoreNormalsForChartDetection: 0
  m_ImportantGI: 0
  m_StitchLightmapSeams: 1
  m_SelectedEditorRenderState: 3
  m_MinimumChartSize: 4
  m_AutoUVMaxDistance: 0.5
  m_AutoUVMaxAngle: 89
  m_LightmapParameters: {fileID: 0}
  m_SortingLayerID: 0
  m_SortingLayer: 0
  m_SortingOrder: 0
  serializedVersion: 2
  m_Quality: 0
  m_UpdateWhenOffscreen: 0
  m_SkinnedMotionVectors: 1
  m_Mesh: {fileID: 5028551456684140032, guid: 80b111e9a32aaf24a8fc92c47d27062c, type: 3}
  m_Bones:
  - {fileID: 6871791120819658393}
  - {fileID: 147765913280348208}
  - {fileID: 1645839452509236068}
  - {fileID: 7701833765066117458}
  - {fileID: 8052469757656751098}
  - {fileID: 7896946360985751904}
  - {fileID: 572531547484159072}
  - {fileID: 4812986660813562393}
  m_BlendShapeWeights: []
  m_RootBone: {fileID: 6871791120819658393}
  m_AABB:
    m_Center: {x: -1.2133943, y: -0.27313772, z: 0.0035669208}
    m_Extent: {x: 1.0418314, y: 0.6479498, z: 0.9212509}
  m_DirtyAABB: 0
--- !u!1 &1125715591316633326
GameObject:
  m_ObjectHideFlags: 0
  m_CorrespondingSourceObject: {fileID: 0}
  m_PrefabInstance: {fileID: 0}
  m_PrefabAsset: {fileID: 0}
  serializedVersion: 6
  m_Component:
  - component: {fileID: 7701833765066117458}
  m_Layer: 0
  m_Name: Spine_Neck1_Bn_01
  m_TagString: Untagged
  m_Icon: {fileID: 0}
  m_NavMeshLayer: 0
  m_StaticEditorFlags: 0
  m_IsActive: 1
--- !u!4 &7701833765066117458
Transform:
  m_ObjectHideFlags: 0
  m_CorrespondingSourceObject: {fileID: 0}
  m_PrefabInstance: {fileID: 0}
  m_PrefabAsset: {fileID: 0}
  m_GameObject: {fileID: 1125715591316633326}
  m_LocalRotation: {x: 0.0000010881806, y: 0.00000008079441, z: 0.07489458, w: 0.9971915}
  m_LocalPosition: {x: -0.54402345, y: 0.00000015258789, z: 0}
  m_LocalScale: {x: 0.99999994, y: 0.99999994, z: 1}
  m_Children:
  - {fileID: 572531547484159072}
  m_Father: {fileID: 1645839452509236068}
  m_RootOrder: 2
  m_LocalEulerAnglesHint: {x: 0, y: 0, z: 0}
--- !u!1 &1306923753160399914
GameObject:
  m_ObjectHideFlags: 0
  m_CorrespondingSourceObject: {fileID: 0}
  m_PrefabInstance: {fileID: 0}
  m_PrefabAsset: {fileID: 0}
  serializedVersion: 6
  m_Component:
  - component: {fileID: 5135169704978853300}
  m_Layer: 0
  m_Name: LArm_Fing3_Bn_03
  m_TagString: Untagged
  m_Icon: {fileID: 0}
  m_NavMeshLayer: 0
  m_StaticEditorFlags: 0
  m_IsActive: 1
--- !u!4 &5135169704978853300
Transform:
  m_ObjectHideFlags: 0
  m_CorrespondingSourceObject: {fileID: 0}
  m_PrefabInstance: {fileID: 0}
  m_PrefabAsset: {fileID: 0}
  m_GameObject: {fileID: 1306923753160399914}
  m_LocalRotation: {x: 0.000000005883954, y: -0.00000057739095, z: 0.011802865, w: 0.9999304}
  m_LocalPosition: {x: -0.14440735, y: 0.000000038146972, z: 0}
  m_LocalScale: {x: 0.99999976, y: 1.0000001, z: 1}
  m_Children:
  - {fileID: 7198569997368980932}
  m_Father: {fileID: 6964293598508154068}
  m_RootOrder: 0
  m_LocalEulerAnglesHint: {x: 0, y: 0, z: 0}
--- !u!1 &1319469418550168179
GameObject:
  m_ObjectHideFlags: 0
  m_CorrespondingSourceObject: {fileID: 0}
  m_PrefabInstance: {fileID: 0}
  m_PrefabAsset: {fileID: 0}
  serializedVersion: 6
  m_Component:
  - component: {fileID: 6964293598508154068}
  m_Layer: 0
  m_Name: LArm_Fing3_Bn_02
  m_TagString: Untagged
  m_Icon: {fileID: 0}
  m_NavMeshLayer: 0
  m_StaticEditorFlags: 0
  m_IsActive: 1
--- !u!4 &6964293598508154068
Transform:
  m_ObjectHideFlags: 0
  m_CorrespondingSourceObject: {fileID: 0}
  m_PrefabInstance: {fileID: 0}
  m_PrefabAsset: {fileID: 0}
  m_GameObject: {fileID: 1319469418550168179}
  m_LocalRotation: {x: 0.00012614405, y: -0.006640576, z: 0.0025531603, w: 0.9999747}
  m_LocalPosition: {x: -0.26585418, y: -0.000000038146972, z: 0}
  m_LocalScale: {x: 0.9999999, y: 1, z: 1.0000001}
  m_Children:
  - {fileID: 5135169704978853300}
  m_Father: {fileID: 6734995525552449846}
  m_RootOrder: 0
  m_LocalEulerAnglesHint: {x: 0, y: 0, z: 0}
--- !u!1 &1488966928576812659
GameObject:
  m_ObjectHideFlags: 0
  m_CorrespondingSourceObject: {fileID: 0}
  m_PrefabInstance: {fileID: 0}
  m_PrefabAsset: {fileID: 0}
  serializedVersion: 6
  m_Component:
  - component: {fileID: 4041413944787736505}
  - component: {fileID: 9141564192045946846}
  m_Layer: 0
  m_Name: RArm_01
  m_TagString: Untagged
  m_Icon: {fileID: 0}
  m_NavMeshLayer: 0
  m_StaticEditorFlags: 0
  m_IsActive: 1
--- !u!4 &4041413944787736505
Transform:
  m_ObjectHideFlags: 0
  m_CorrespondingSourceObject: {fileID: 0}
  m_PrefabInstance: {fileID: 0}
  m_PrefabAsset: {fileID: 0}
  m_GameObject: {fileID: 1488966928576812659}
  m_LocalRotation: {x: -0.7071068, y: -0.000000061817246, z: -0.000000061817246, w: 0.7071068}
  m_LocalPosition: {x: -0.004168648, y: 0.9878243, z: 0.39664337}
  m_LocalScale: {x: 1, y: 1, z: 1}
  m_Children: []
  m_Father: {fileID: 1818963101550442586}
  m_RootOrder: 1
  m_LocalEulerAnglesHint: {x: 0, y: 0, z: 0}
--- !u!137 &9141564192045946846
SkinnedMeshRenderer:
  m_ObjectHideFlags: 0
  m_CorrespondingSourceObject: {fileID: 0}
  m_PrefabInstance: {fileID: 0}
  m_PrefabAsset: {fileID: 0}
  m_GameObject: {fileID: 1488966928576812659}
  m_Enabled: 1
  m_CastShadows: 1
  m_ReceiveShadows: 1
  m_DynamicOccludee: 1
  m_MotionVectors: 1
  m_LightProbeUsage: 1
  m_ReflectionProbeUsage: 1
  m_RayTracingMode: 0
  m_RenderingLayerMask: 1
  m_RendererPriority: 0
  m_Materials:
  - {fileID: 2100000, guid: d67208b915e52384a9e7db39cbfbbad0, type: 2}
  m_StaticBatchInfo:
    firstSubMesh: 0
    subMeshCount: 0
  m_StaticBatchRoot: {fileID: 0}
  m_ProbeAnchor: {fileID: 0}
  m_LightProbeVolumeOverride: {fileID: 0}
  m_ScaleInLightmap: 1
  m_ReceiveGI: 1
  m_PreserveUVs: 0
  m_IgnoreNormalsForChartDetection: 0
  m_ImportantGI: 0
  m_StitchLightmapSeams: 1
  m_SelectedEditorRenderState: 3
  m_MinimumChartSize: 4
  m_AutoUVMaxDistance: 0.5
  m_AutoUVMaxAngle: 89
  m_LightmapParameters: {fileID: 0}
  m_SortingLayerID: 0
  m_SortingLayer: 0
  m_SortingOrder: 0
  serializedVersion: 2
  m_Quality: 0
  m_UpdateWhenOffscreen: 0
  m_SkinnedMotionVectors: 1
  m_Mesh: {fileID: -2086672619790314919, guid: 80b111e9a32aaf24a8fc92c47d27062c, type: 3}
  m_Bones:
  - {fileID: 7896946360985751904}
  - {fileID: 4514998074714022864}
  - {fileID: 2367448601217701966}
  - {fileID: 6734995525552449846}
  - {fileID: 5204046982140669602}
  - {fileID: 4895041973657044872}
  - {fileID: 7586786646638677051}
  - {fileID: 7442947562351471001}
  - {fileID: 6949578195730111374}
  - {fileID: 8110801963495705752}
  - {fileID: 6964293598508154068}
  - {fileID: 5135169704978853300}
  - {fileID: 7198569997368980932}
  - {fileID: 5800517572213690667}
  - {fileID: 1601548417080711571}
  - {fileID: 5577517738651072120}
  - {fileID: 3421563044875275501}
  - {fileID: 3250916440821596119}
  - {fileID: 6180032247407569}
  - {fileID: 1692282124522385061}
  - {fileID: 8869509859044591682}
  - {fileID: 59438092373521437}
  - {fileID: 676797767199905760}
  m_BlendShapeWeights: []
  m_RootBone: {fileID: 7896946360985751904}
  m_AABB:
    m_Center: {x: -1.9069338, y: 0.003787443, z: 0.1118193}
    m_Extent: {x: 1.895335, y: 0.1353395, z: 0.49795088}
  m_DirtyAABB: 0
--- !u!1 &1534689322600170742
GameObject:
  m_ObjectHideFlags: 0
  m_CorrespondingSourceObject: {fileID: 0}
  m_PrefabInstance: {fileID: 0}
  m_PrefabAsset: {fileID: 0}
  serializedVersion: 6
  m_Component:
  - component: {fileID: 5833246861891575737}
  m_Layer: 0
  m_Name: RArm_Fing2_Bn_03
  m_TagString: Untagged
  m_Icon: {fileID: 0}
  m_NavMeshLayer: 0
  m_StaticEditorFlags: 0
  m_IsActive: 1
--- !u!4 &5833246861891575737
Transform:
  m_ObjectHideFlags: 0
  m_CorrespondingSourceObject: {fileID: 0}
  m_PrefabInstance: {fileID: 0}
  m_PrefabAsset: {fileID: 0}
  m_GameObject: {fileID: 1534689322600170742}
  m_LocalRotation: {x: -0.00000006689266, y: 0.000020980735, z: 0.0032770513, w: 0.99999464}
  m_LocalPosition: {x: -0.16717681, y: -0.000000085830685, z: 0}
  m_LocalScale: {x: 0.99999964, y: 0.99999964, z: 0.99999976}
  m_Children:
  - {fileID: 1278723588289222135}
  m_Father: {fileID: 8184225267057575111}
  m_RootOrder: 0
  m_LocalEulerAnglesHint: {x: 0, y: 0, z: 0}
--- !u!1 &1551957775707492153
GameObject:
  m_ObjectHideFlags: 0
  m_CorrespondingSourceObject: {fileID: 0}
  m_PrefabInstance: {fileID: 0}
  m_PrefabAsset: {fileID: 0}
  serializedVersion: 6
  m_Component:
  - component: {fileID: 2367448601217701966}
  m_Layer: 0
  m_Name: LArm_hand_Bn_01
  m_TagString: Untagged
  m_Icon: {fileID: 0}
  m_NavMeshLayer: 0
  m_StaticEditorFlags: 0
  m_IsActive: 1
--- !u!4 &2367448601217701966
Transform:
  m_ObjectHideFlags: 0
  m_CorrespondingSourceObject: {fileID: 0}
  m_PrefabInstance: {fileID: 0}
  m_PrefabAsset: {fileID: 0}
  m_GameObject: {fileID: 1551957775707492153}
  m_LocalRotation: {x: -0.00026735658, y: -0.04898599, z: -0.005683503, w: 0.9987833}
  m_LocalPosition: {x: -1.3522216, y: -0.00000030517577, z: -0.000000009536743}
  m_LocalScale: {x: 0.99999994, y: 0.99999994, z: 1.0000001}
  m_Children:
  - {fileID: 5204046982140669602}
  - {fileID: 5800517572213690667}
  - {fileID: 6734995525552449846}
  - {fileID: 7586786646638677051}
  - {fileID: 4895041973657044872}
  m_Father: {fileID: 4514998074714022864}
  m_RootOrder: 0
  m_LocalEulerAnglesHint: {x: 0, y: 0, z: 0}
--- !u!1 &1818806176434607940
GameObject:
  m_ObjectHideFlags: 0
  m_CorrespondingSourceObject: {fileID: 0}
  m_PrefabInstance: {fileID: 0}
  m_PrefabAsset: {fileID: 0}
  serializedVersion: 6
  m_Component:
  - component: {fileID: 8669267604477730336}
  m_Layer: 0
  m_Name: RArm_Thumb_Bn_02
  m_TagString: Untagged
  m_Icon: {fileID: 0}
  m_NavMeshLayer: 0
  m_StaticEditorFlags: 0
  m_IsActive: 1
--- !u!4 &8669267604477730336
Transform:
  m_ObjectHideFlags: 0
  m_CorrespondingSourceObject: {fileID: 0}
  m_PrefabInstance: {fileID: 0}
  m_PrefabAsset: {fileID: 0}
  m_GameObject: {fileID: 1818806176434607940}
  m_LocalRotation: {x: 0.000014412516, y: -0.0019087989, z: 0.031902697, w: 0.9994892}
  m_LocalPosition: {x: -0.23699401, y: -0.0000009155273, z: -0.00000061035155}
  m_LocalScale: {x: 1.0000001, y: 1.0000005, z: 1.0000002}
  m_Children:
  - {fileID: 9174194895917634678}
  m_Father: {fileID: 1328929471714970827}
  m_RootOrder: 0
  m_LocalEulerAnglesHint: {x: 0, y: 0, z: 0}
--- !u!1 &1865770146838216646
GameObject:
  m_ObjectHideFlags: 0
  m_CorrespondingSourceObject: {fileID: 0}
  m_PrefabInstance: {fileID: 0}
  m_PrefabAsset: {fileID: 0}
  serializedVersion: 6
  m_Component:
  - component: {fileID: 5416883365069959617}
  - component: {fileID: 8128354393314750850}
  m_Layer: 0
  m_Name: Skull_01
  m_TagString: Untagged
  m_Icon: {fileID: 0}
  m_NavMeshLayer: 0
  m_StaticEditorFlags: 0
  m_IsActive: 1
--- !u!4 &5416883365069959617
Transform:
  m_ObjectHideFlags: 0
  m_CorrespondingSourceObject: {fileID: 0}
  m_PrefabInstance: {fileID: 0}
  m_PrefabAsset: {fileID: 0}
  m_GameObject: {fileID: 1865770146838216646}
  m_LocalRotation: {x: 0, y: -0, z: -0, w: 1}
  m_LocalPosition: {x: -0.019730132, y: 2.620998, z: 0.9190305}
  m_LocalScale: {x: 0.56255275, y: 0.62505865, z: 0.62505865}
  m_Children: []
  m_Father: {fileID: 1818963101550442586}
  m_RootOrder: 4
  m_LocalEulerAnglesHint: {x: 0, y: 0, z: 0}
--- !u!137 &8128354393314750850
SkinnedMeshRenderer:
  m_ObjectHideFlags: 0
  m_CorrespondingSourceObject: {fileID: 0}
  m_PrefabInstance: {fileID: 0}
  m_PrefabAsset: {fileID: 0}
  m_GameObject: {fileID: 1865770146838216646}
  m_Enabled: 1
  m_CastShadows: 1
  m_ReceiveShadows: 1
  m_DynamicOccludee: 1
  m_MotionVectors: 1
  m_LightProbeUsage: 1
  m_ReflectionProbeUsage: 1
  m_RayTracingMode: 0
  m_RenderingLayerMask: 1
  m_RendererPriority: 0
  m_Materials:
  - {fileID: 2100000, guid: d67208b915e52384a9e7db39cbfbbad0, type: 2}
  m_StaticBatchInfo:
    firstSubMesh: 0
    subMeshCount: 0
  m_StaticBatchRoot: {fileID: 0}
  m_ProbeAnchor: {fileID: 0}
  m_LightProbeVolumeOverride: {fileID: 0}
  m_ScaleInLightmap: 1
  m_ReceiveGI: 1
  m_PreserveUVs: 0
  m_IgnoreNormalsForChartDetection: 0
  m_ImportantGI: 0
  m_StitchLightmapSeams: 1
  m_SelectedEditorRenderState: 3
  m_MinimumChartSize: 4
  m_AutoUVMaxDistance: 0.5
  m_AutoUVMaxAngle: 89
  m_LightmapParameters: {fileID: 0}
  m_SortingLayerID: 0
  m_SortingLayer: 0
  m_SortingOrder: 0
  serializedVersion: 2
  m_Quality: 0
  m_UpdateWhenOffscreen: 0
  m_SkinnedMotionVectors: 1
  m_Mesh: {fileID: -4892256744165544193, guid: 80b111e9a32aaf24a8fc92c47d27062c, type: 3}
  m_Bones:
  - {fileID: 8813454807675492414}
  - {fileID: 4812986660813562393}
  - {fileID: 8052469757656751098}
  - {fileID: 7701833765066117458}
  - {fileID: 572531547484159072}
  - {fileID: 7896946360985751904}
  m_BlendShapeWeights: []
  m_RootBone: {fileID: 7701833765066117458}
  m_AABB:
    m_Center: {x: -1.0820704, y: -0.71459186, z: -0.024673045}
    m_Extent: {x: 1.1727018, y: 1.1518688, z: 0.74508256}
  m_DirtyAABB: 0
--- !u!1 &1940152488472566384
GameObject:
  m_ObjectHideFlags: 0
  m_CorrespondingSourceObject: {fileID: 0}
  m_PrefabInstance: {fileID: 0}
  m_PrefabAsset: {fileID: 0}
  serializedVersion: 6
  m_Component:
  - component: {fileID: 6180032247407569}
  m_Layer: 0
  m_Name: LArm_Fing1_Bn_03
  m_TagString: Untagged
  m_Icon: {fileID: 0}
  m_NavMeshLayer: 0
  m_StaticEditorFlags: 0
  m_IsActive: 1
--- !u!4 &6180032247407569
Transform:
  m_ObjectHideFlags: 0
  m_CorrespondingSourceObject: {fileID: 0}
  m_PrefabInstance: {fileID: 0}
  m_PrefabAsset: {fileID: 0}
  m_GameObject: {fileID: 1940152488472566384}
  m_LocalRotation: {x: -0.000000007137256, y: -0.00000029050884, z: -0.0117430985,
    w: 0.99993104}
  m_LocalPosition: {x: -0.13349822, y: -0.000000038146972, z: -0.00000061035155}
  m_LocalScale: {x: 1.0000001, y: 1.0000001, z: 1}
  m_Children:
  - {fileID: 1692282124522385061}
  m_Father: {fileID: 3250916440821596119}
  m_RootOrder: 0
  m_LocalEulerAnglesHint: {x: 0, y: 0, z: 0}
--- !u!1 &1956702109154136290
GameObject:
  m_ObjectHideFlags: 0
  m_CorrespondingSourceObject: {fileID: 0}
  m_PrefabInstance: {fileID: 0}
  m_PrefabAsset: {fileID: 0}
  serializedVersion: 6
  m_Component:
  - component: {fileID: 6173480948952823552}
  m_Layer: 0
  m_Name: RArm_Fing1_Bn_01
  m_TagString: Untagged
  m_Icon: {fileID: 0}
  m_NavMeshLayer: 0
  m_StaticEditorFlags: 0
  m_IsActive: 1
--- !u!4 &6173480948952823552
Transform:
  m_ObjectHideFlags: 0
  m_CorrespondingSourceObject: {fileID: 0}
  m_PrefabInstance: {fileID: 0}
  m_PrefabAsset: {fileID: 0}
  m_GameObject: {fileID: 1956702109154136290}
  m_LocalRotation: {x: 0.70119256, y: 0.11120275, z: -0.10277009, w: 0.6967074}
  m_LocalPosition: {x: -0.47513884, y: 0.0026507569, z: 0.22795822}
  m_LocalScale: {x: 0.9999999, y: 0.9999998, z: 1.0000001}
  m_Children:
  - {fileID: 8850325535004879550}
  m_Father: {fileID: 6729700581874211026}
  m_RootOrder: 0
  m_LocalEulerAnglesHint: {x: 0, y: 0, z: 0}
--- !u!1 &2072338600180370866
GameObject:
  m_ObjectHideFlags: 0
  m_CorrespondingSourceObject: {fileID: 0}
  m_PrefabInstance: {fileID: 0}
  m_PrefabAsset: {fileID: 0}
  serializedVersion: 6
  m_Component:
  - component: {fileID: 8435202974158075919}
  m_Layer: 0
  m_Name: RFoot_Toes_Be_01
  m_TagString: Untagged
  m_Icon: {fileID: 0}
  m_NavMeshLayer: 0
  m_StaticEditorFlags: 0
  m_IsActive: 1
--- !u!4 &8435202974158075919
Transform:
  m_ObjectHideFlags: 0
  m_CorrespondingSourceObject: {fileID: 0}
  m_PrefabInstance: {fileID: 0}
  m_PrefabAsset: {fileID: 0}
  m_GameObject: {fileID: 2072338600180370866}
  m_LocalRotation: {x: -0.00740322, y: 0.058537938, z: -0.005036988, w: 0.998245}
  m_LocalPosition: {x: -0.2055066, y: -0.0000006151199, z: 0}
  m_LocalScale: {x: 1.0000002, y: 1.0000001, z: 1}
  m_Children: []
  m_Father: {fileID: 4214119582536771557}
  m_RootOrder: 0
  m_LocalEulerAnglesHint: {x: 0, y: 0, z: 0}
--- !u!1 &2271034990934993551
GameObject:
  m_ObjectHideFlags: 0
  m_CorrespondingSourceObject: {fileID: 0}
  m_PrefabInstance: {fileID: 0}
  m_PrefabAsset: {fileID: 0}
  serializedVersion: 6
  m_Component:
  - component: {fileID: 5204046982140669602}
  m_Layer: 0
  m_Name: LArm_Fing1_Bn_01
  m_TagString: Untagged
  m_Icon: {fileID: 0}
  m_NavMeshLayer: 0
  m_StaticEditorFlags: 0
  m_IsActive: 1
--- !u!4 &5204046982140669602
Transform:
  m_ObjectHideFlags: 0
  m_CorrespondingSourceObject: {fileID: 0}
  m_PrefabInstance: {fileID: 0}
  m_PrefabAsset: {fileID: 0}
  m_GameObject: {fileID: 2271034990934993551}
  m_LocalRotation: {x: -0.6960423, y: 0.08070686, z: 0.13325776, w: 0.7008951}
  m_LocalPosition: {x: -0.47513884, y: -0.0026507569, z: 0.22795776}
  m_LocalScale: {x: 1.0000002, y: 1.0000005, z: 1.0000005}
  m_Children:
  - {fileID: 3250916440821596119}
  m_Father: {fileID: 2367448601217701966}
  m_RootOrder: 0
  m_LocalEulerAnglesHint: {x: 0, y: 0, z: 0}
--- !u!1 &2438701961425605084
GameObject:
  m_ObjectHideFlags: 0
  m_CorrespondingSourceObject: {fileID: 0}
  m_PrefabInstance: {fileID: 0}
  m_PrefabAsset: {fileID: 0}
  serializedVersion: 6
  m_Component:
  - component: {fileID: 206772738476845813}
  m_Layer: 0
  m_Name: LHand_Ctrl
  m_TagString: Untagged
  m_Icon: {fileID: 0}
  m_NavMeshLayer: 0
  m_StaticEditorFlags: 0
  m_IsActive: 1
--- !u!4 &206772738476845813
Transform:
  m_ObjectHideFlags: 0
  m_CorrespondingSourceObject: {fileID: 0}
  m_PrefabInstance: {fileID: 0}
  m_PrefabAsset: {fileID: 0}
  m_GameObject: {fileID: 2438701961425605084}
  m_LocalRotation: {x: 0.01417664, y: -0.03230132, z: 0.005271447, w: 0.9993637}
  m_LocalPosition: {x: -3.565434, y: 5.000414, z: 0.3025076}
  m_LocalScale: {x: 0.9999999, y: 1.0000001, z: 1}
  m_Children: []
  m_Father: {fileID: 3526934323091045690}
  m_RootOrder: 1
  m_LocalEulerAnglesHint: {x: 0, y: 0, z: 0}
--- !u!1 &2663182181845955145
GameObject:
  m_ObjectHideFlags: 0
  m_CorrespondingSourceObject: {fileID: 0}
  m_PrefabInstance: {fileID: 0}
  m_PrefabAsset: {fileID: 0}
  serializedVersion: 6
  m_Component:
  - component: {fileID: 5155077037704993877}
  m_Layer: 0
  m_Name: LElbow_Ctrl
  m_TagString: Untagged
  m_Icon: {fileID: 0}
  m_NavMeshLayer: 0
  m_StaticEditorFlags: 0
  m_IsActive: 1
--- !u!4 &5155077037704993877
Transform:
  m_ObjectHideFlags: 0
  m_CorrespondingSourceObject: {fileID: 0}
  m_PrefabInstance: {fileID: 0}
  m_PrefabAsset: {fileID: 0}
  m_GameObject: {fileID: 2663182181845955145}
  m_LocalRotation: {x: 0.002358887, y: 0.013787747, z: 0.005731493, w: 0.99988574}
  m_LocalPosition: {x: -2.2528822, y: 5.2, z: -0.5201318}
  m_LocalScale: {x: 1, y: 1, z: 1.0000001}
  m_Children: []
  m_Father: {fileID: 3526934323091045690}
  m_RootOrder: 0
  m_LocalEulerAnglesHint: {x: 0, y: 0, z: 0}
--- !u!1 &2719035336578133996
GameObject:
  m_ObjectHideFlags: 0
  m_CorrespondingSourceObject: {fileID: 0}
  m_PrefabInstance: {fileID: 0}
  m_PrefabAsset: {fileID: 0}
  serializedVersion: 6
  m_Component:
  - component: {fileID: 1601548417080711571}
  m_Layer: 0
  m_Name: LArm_Fing2_Bn_02
  m_TagString: Untagged
  m_Icon: {fileID: 0}
  m_NavMeshLayer: 0
  m_StaticEditorFlags: 0
  m_IsActive: 1
--- !u!4 &1601548417080711571
Transform:
  m_ObjectHideFlags: 0
  m_CorrespondingSourceObject: {fileID: 0}
  m_PrefabInstance: {fileID: 0}
  m_PrefabAsset: {fileID: 0}
  m_GameObject: {fileID: 2719035336578133996}
  m_LocalRotation: {x: 0.00007737666, y: -0.0056491992, z: 0.00020594643, w: 0.999984}
  m_LocalPosition: {x: -0.3217151, y: -0.000005197525, z: 0}
  m_LocalScale: {x: 0.99999976, y: 1, z: 0.99999994}
  m_Children:
  - {fileID: 5577517738651072120}
  m_Father: {fileID: 5800517572213690667}
  m_RootOrder: 0
  m_LocalEulerAnglesHint: {x: 0, y: 0, z: 0}
--- !u!1 &2739389139239109893
GameObject:
  m_ObjectHideFlags: 0
  m_CorrespondingSourceObject: {fileID: 0}
  m_PrefabInstance: {fileID: 0}
  m_PrefabAsset: {fileID: 0}
  serializedVersion: 6
  m_Component:
  - component: {fileID: 954669473341713753}
  m_Layer: 0
  m_Name: LLeg_KneeCap_Bn_01
  m_TagString: Untagged
  m_Icon: {fileID: 0}
  m_NavMeshLayer: 0
  m_StaticEditorFlags: 0
  m_IsActive: 1
--- !u!4 &954669473341713753
Transform:
  m_ObjectHideFlags: 0
  m_CorrespondingSourceObject: {fileID: 0}
  m_PrefabInstance: {fileID: 0}
  m_PrefabAsset: {fileID: 0}
  m_GameObject: {fileID: 2739389139239109893}
  m_LocalRotation: {x: 0.000052422034, y: -0.00008829013, z: 0.3689827, w: 0.92943627}
  m_LocalPosition: {x: -1.0843364, y: -0.00043375013, z: 0.000022125243}
  m_LocalScale: {x: 0.99999994, y: 0.9999999, z: 0.99999976}
  m_Children:
  - {fileID: 2569491552532377510}
  m_Father: {fileID: 8437495659626499705}
  m_RootOrder: 0
  m_LocalEulerAnglesHint: {x: 0, y: 0, z: 0}
--- !u!1 &2827364124578219329
GameObject:
  m_ObjectHideFlags: 0
  m_CorrespondingSourceObject: {fileID: 0}
  m_PrefabInstance: {fileID: 0}
  m_PrefabAsset: {fileID: 0}
  serializedVersion: 6
  m_Component:
  - component: {fileID: 4212425981330732913}
  m_Layer: 0
  m_Name: RArm_Thumb_Be_01
  m_TagString: Untagged
  m_Icon: {fileID: 0}
  m_NavMeshLayer: 0
  m_StaticEditorFlags: 0
  m_IsActive: 1
--- !u!4 &4212425981330732913
Transform:
  m_ObjectHideFlags: 0
  m_CorrespondingSourceObject: {fileID: 0}
  m_PrefabInstance: {fileID: 0}
  m_PrefabAsset: {fileID: 0}
  m_GameObject: {fileID: 2827364124578219329}
  m_LocalRotation: {x: 0.00000009883435, y: -0.000001359731, z: -0.0000016599148,
    w: 1}
  m_LocalPosition: {x: -0.1119693, y: -0.00000030517577, z: 0.00000061035155}
  m_LocalScale: {x: 1.0000001, y: 1, z: 1}
  m_Children: []
  m_Father: {fileID: 9174194895917634678}
  m_RootOrder: 0
  m_LocalEulerAnglesHint: {x: 0, y: 0, z: 0}
--- !u!1 &2885375194095410912
GameObject:
  m_ObjectHideFlags: 0
  m_CorrespondingSourceObject: {fileID: 0}
  m_PrefabInstance: {fileID: 0}
  m_PrefabAsset: {fileID: 0}
  serializedVersion: 6
  m_Component:
  - component: {fileID: 839382009971354767}
  m_Layer: 0
  m_Name: LFoot_Toes1_Bn_01
  m_TagString: Untagged
  m_Icon: {fileID: 0}
  m_NavMeshLayer: 0
  m_StaticEditorFlags: 0
  m_IsActive: 1
--- !u!4 &839382009971354767
Transform:
  m_ObjectHideFlags: 0
  m_CorrespondingSourceObject: {fileID: 0}
  m_PrefabInstance: {fileID: 0}
  m_PrefabAsset: {fileID: 0}
  m_GameObject: {fileID: 2885375194095410912}
  m_LocalRotation: {x: -0.016650848, y: 0.21195556, z: 0.0258236, w: 0.9767962}
  m_LocalPosition: {x: -0.26649666, y: -0.0000004673004, z: -0.00000034332274}
  m_LocalScale: {x: 1.0000001, y: 1.0000002, z: 0.99999994}
  m_Children:
  - {fileID: 6078497091388145307}
  - {fileID: 6338571781996772902}
  m_Father: {fileID: 4132663901397086881}
  m_RootOrder: 0
  m_LocalEulerAnglesHint: {x: 0, y: 0, z: 0}
--- !u!1 &3061274692986452551
GameObject:
  m_ObjectHideFlags: 0
  m_CorrespondingSourceObject: {fileID: 0}
  m_PrefabInstance: {fileID: 0}
  m_PrefabAsset: {fileID: 0}
  serializedVersion: 6
  m_Component:
  - component: {fileID: 7442947562351471001}
  m_Layer: 0
  m_Name: LArm_Fing4_Bn_02
  m_TagString: Untagged
  m_Icon: {fileID: 0}
  m_NavMeshLayer: 0
  m_StaticEditorFlags: 0
  m_IsActive: 1
--- !u!4 &7442947562351471001
Transform:
  m_ObjectHideFlags: 0
  m_CorrespondingSourceObject: {fileID: 0}
  m_PrefabInstance: {fileID: 0}
  m_PrefabAsset: {fileID: 0}
  m_GameObject: {fileID: 3061274692986452551}
  m_LocalRotation: {x: -0.000115745024, y: -0.007020295, z: 0.01652296, w: 0.9998389}
  m_LocalPosition: {x: -0.22355774, y: 0.00000022888183, z: -0.00000061035155}
  m_LocalScale: {x: 1.0000001, y: 0.9999999, z: 0.99999994}
  m_Children:
  - {fileID: 6949578195730111374}
  m_Father: {fileID: 7586786646638677051}
  m_RootOrder: 0
  m_LocalEulerAnglesHint: {x: 0, y: 0, z: 0}
--- !u!1 &3063184772515597150
GameObject:
  m_ObjectHideFlags: 0
  m_CorrespondingSourceObject: {fileID: 0}
  m_PrefabInstance: {fileID: 0}
  m_PrefabAsset: {fileID: 0}
  serializedVersion: 6
  m_Component:
  - component: {fileID: 572531547484159072}
  m_Layer: 0
  m_Name: Spine_Neck1_Bn_02
  m_TagString: Untagged
  m_Icon: {fileID: 0}
  m_NavMeshLayer: 0
  m_StaticEditorFlags: 0
  m_IsActive: 1
--- !u!4 &572531547484159072
Transform:
  m_ObjectHideFlags: 0
  m_CorrespondingSourceObject: {fileID: 0}
  m_PrefabInstance: {fileID: 0}
  m_PrefabAsset: {fileID: 0}
  m_GameObject: {fileID: 3063184772515597150}
  m_LocalRotation: {x: 0.0014150944, y: -0.002216799, z: 0.18728235, w: 0.9823026}
  m_LocalPosition: {x: -0.46557128, y: 0.0000037002562, z: -0.00000012874602}
  m_LocalScale: {x: 1.0000001, y: 0.9999998, z: 1.0000001}
  m_Children:
  - {fileID: 4812986660813562393}
  m_Father: {fileID: 7701833765066117458}
  m_RootOrder: 0
  m_LocalEulerAnglesHint: {x: 0, y: 0, z: 0}
--- !u!1 &3149704530538049467
GameObject:
  m_ObjectHideFlags: 0
  m_CorrespondingSourceObject: {fileID: 0}
  m_PrefabInstance: {fileID: 0}
  m_PrefabAsset: {fileID: 0}
  serializedVersion: 6
  m_Component:
  - component: {fileID: 2795279562641901037}
  m_Layer: 0
  m_Name: Pelvis
  m_TagString: Untagged
  m_Icon: {fileID: 0}
  m_NavMeshLayer: 0
  m_StaticEditorFlags: 0
  m_IsActive: 1
--- !u!4 &2795279562641901037
Transform:
  m_ObjectHideFlags: 0
  m_CorrespondingSourceObject: {fileID: 0}
  m_PrefabInstance: {fileID: 0}
  m_PrefabAsset: {fileID: 0}
  m_GameObject: {fileID: 3149704530538049467}
  m_LocalRotation: {x: 0.02968336, y: -0.00000011499735, z: -0.00000035437046, w: 0.9995594}
  m_LocalPosition: {x: -0, y: -0.00000030517577, z: 0}
  m_LocalScale: {x: 1.0000002, y: 1.0000002, z: 1}
  m_Children:
  - {fileID: 8327101464245395754}
  - {fileID: 4908987062992129437}
  m_Father: {fileID: 8896342378647686645}
  m_RootOrder: 0
  m_LocalEulerAnglesHint: {x: 0, y: 0, z: 0}
--- !u!1 &3255622979319856205
GameObject:
  m_ObjectHideFlags: 0
  m_CorrespondingSourceObject: {fileID: 0}
  m_PrefabInstance: {fileID: 0}
  m_PrefabAsset: {fileID: 0}
  serializedVersion: 6
  m_Component:
  - component: {fileID: 6801558949872147154}
  m_Layer: 0
  m_Name: RElbow_Ctrl
  m_TagString: Untagged
  m_Icon: {fileID: 0}
  m_NavMeshLayer: 0
  m_StaticEditorFlags: 0
  m_IsActive: 1
--- !u!4 &6801558949872147154
Transform:
  m_ObjectHideFlags: 0
  m_CorrespondingSourceObject: {fileID: 0}
  m_PrefabInstance: {fileID: 0}
  m_PrefabAsset: {fileID: 0}
  m_GameObject: {fileID: 3255622979319856205}
  m_LocalRotation: {x: -0.013788509, y: -0.0023667181, z: 0.99988574, w: 0.005731583}
  m_LocalPosition: {x: 2.2533288, y: 5.2, z: -0.5364148}
  m_LocalScale: {x: 1, y: 1.0000002, z: 1.0000001}
  m_Children: []
  m_Father: {fileID: 3526934323091045690}
  m_RootOrder: 3
  m_LocalEulerAnglesHint: {x: 0, y: 0, z: 0}
--- !u!1 &3415162922150791753
GameObject:
  m_ObjectHideFlags: 0
  m_CorrespondingSourceObject: {fileID: 0}
  m_PrefabInstance: {fileID: 0}
  m_PrefabAsset: {fileID: 0}
  serializedVersion: 6
  m_Component:
  - component: {fileID: 1818963101550442586}
  - component: {fileID: 6648708893816738626}
  m_Layer: 0
  m_Name: GGJ2020_Char_SkeletonHalf_AnimMaster_Pass2_02
  m_TagString: Untagged
  m_Icon: {fileID: 0}
  m_NavMeshLayer: 0
  m_StaticEditorFlags: 0
  m_IsActive: 1
--- !u!4 &1818963101550442586
Transform:
  m_ObjectHideFlags: 0
  m_CorrespondingSourceObject: {fileID: 0}
  m_PrefabInstance: {fileID: 0}
  m_PrefabAsset: {fileID: 0}
  m_GameObject: {fileID: 3415162922150791753}
  m_LocalRotation: {x: 0, y: 0, z: 0, w: 1}
  m_LocalPosition: {x: 0, y: 0, z: 0}
  m_LocalScale: {x: 1, y: 1, z: 1}
  m_Children:
  - {fileID: 7871308788941458317}
  - {fileID: 4041413944787736505}
  - {fileID: 4825757558706349297}
  - {fileID: 3526934323091045690}
  - {fileID: 5416883365069959617}
  m_Father: {fileID: 0}
  m_RootOrder: 0
  m_LocalEulerAnglesHint: {x: 0, y: 0, z: 0}
--- !u!95 &6648708893816738626
Animator:
  serializedVersion: 3
  m_ObjectHideFlags: 0
  m_CorrespondingSourceObject: {fileID: 0}
  m_PrefabInstance: {fileID: 0}
  m_PrefabAsset: {fileID: 0}
  m_GameObject: {fileID: 3415162922150791753}
  m_Enabled: 1
  m_Avatar: {fileID: 0}
  m_Controller: {fileID: 9100000, guid: 13774694228f368448b407004f13e77f, type: 2}
  m_CullingMode: 0
  m_UpdateMode: 0
  m_ApplyRootMotion: 0
  m_LinearVelocityBlending: 0
  m_WarningMessage: 
  m_HasTransformHierarchy: 1
  m_AllowConstantClipSamplingOptimization: 1
  m_KeepAnimatorControllerStateOnDisable: 0
--- !u!1 &3441905194745451347
GameObject:
  m_ObjectHideFlags: 0
  m_CorrespondingSourceObject: {fileID: 0}
  m_PrefabInstance: {fileID: 0}
  m_PrefabAsset: {fileID: 0}
  serializedVersion: 6
  m_Component:
  - component: {fileID: 2140736679420797137}
  m_Layer: 0
  m_Name: LLeg_Lower_Bn_01
  m_TagString: Untagged
  m_Icon: {fileID: 0}
  m_NavMeshLayer: 0
  m_StaticEditorFlags: 0
  m_IsActive: 1
--- !u!4 &2140736679420797137
Transform:
  m_ObjectHideFlags: 0
  m_CorrespondingSourceObject: {fileID: 0}
  m_PrefabInstance: {fileID: 0}
  m_PrefabAsset: {fileID: 0}
  m_GameObject: {fileID: 3441905194745451347}
  m_LocalRotation: {x: 0.000013252686, y: -0.000043608627, z: 0.00035815212, w: 0.99999994}
  m_LocalPosition: {x: -1.2650645, y: -0.0000061798096, z: -0.000019226074}
  m_LocalScale: {x: 1, y: 0.9999999, z: 0.99999976}
  m_Children:
  - {fileID: 4132663901397086881}
  - {fileID: 976829618714451954}
  m_Father: {fileID: 8437495659626499705}
  m_RootOrder: 1
  m_LocalEulerAnglesHint: {x: 0, y: 0, z: 0}
--- !u!1 &3466698569211978427
GameObject:
  m_ObjectHideFlags: 0
  m_CorrespondingSourceObject: {fileID: 0}
  m_PrefabInstance: {fileID: 0}
  m_PrefabAsset: {fileID: 0}
  serializedVersion: 6
  m_Component:
  - component: {fileID: 3468067882210759841}
  m_Layer: 0
  m_Name: RArm_Fing4_Bn_02
  m_TagString: Untagged
  m_Icon: {fileID: 0}
  m_NavMeshLayer: 0
  m_StaticEditorFlags: 0
  m_IsActive: 1
--- !u!4 &3468067882210759841
Transform:
  m_ObjectHideFlags: 0
  m_CorrespondingSourceObject: {fileID: 0}
  m_PrefabInstance: {fileID: 0}
  m_PrefabAsset: {fileID: 0}
  m_GameObject: {fileID: 3466698569211978427}
  m_LocalRotation: {x: 0.00011574965, y: -0.007020077, z: -0.016522942, w: 0.9998389}
  m_LocalPosition: {x: -0.22355804, y: -0.0000004196167, z: 0}
  m_LocalScale: {x: 1.0000004, y: 1.0000001, z: 1}
  m_Children:
  - {fileID: 3550776165612055856}
  m_Father: {fileID: 7517443119605032914}
  m_RootOrder: 0
  m_LocalEulerAnglesHint: {x: 0, y: 0, z: 0}
--- !u!1 &3497999998371382045
GameObject:
  m_ObjectHideFlags: 0
  m_CorrespondingSourceObject: {fileID: 0}
  m_PrefabInstance: {fileID: 0}
  m_PrefabAsset: {fileID: 0}
  serializedVersion: 6
  m_Component:
  - component: {fileID: 3250916440821596119}
  m_Layer: 0
  m_Name: LArm_Fing1_Bn_02
  m_TagString: Untagged
  m_Icon: {fileID: 0}
  m_NavMeshLayer: 0
  m_StaticEditorFlags: 0
  m_IsActive: 1
--- !u!4 &3250916440821596119
Transform:
  m_ObjectHideFlags: 0
  m_CorrespondingSourceObject: {fileID: 0}
  m_PrefabInstance: {fileID: 0}
  m_PrefabAsset: {fileID: 0}
  m_GameObject: {fileID: 3497999998371382045}
  m_LocalRotation: {x: 0.000029018822, y: -0.0058319494, z: -0.004957708, w: 0.99997073}
  m_LocalPosition: {x: -0.28181762, y: 0.000000114440915, z: 0.00000061035155}
  m_LocalScale: {x: 0.9999998, y: 0.9999999, z: 0.99999994}
  m_Children:
  - {fileID: 6180032247407569}
  m_Father: {fileID: 5204046982140669602}
  m_RootOrder: 0
  m_LocalEulerAnglesHint: {x: 0, y: 0, z: 0}
--- !u!1 &3521037945666603870
GameObject:
  m_ObjectHideFlags: 0
  m_CorrespondingSourceObject: {fileID: 0}
  m_PrefabInstance: {fileID: 0}
  m_PrefabAsset: {fileID: 0}
  serializedVersion: 6
  m_Component:
  - component: {fileID: 976829618714451954}
  m_Layer: 0
  m_Name: LLeg_Lower_Be_01
  m_TagString: Untagged
  m_Icon: {fileID: 0}
  m_NavMeshLayer: 0
  m_StaticEditorFlags: 0
  m_IsActive: 1
--- !u!4 &976829618714451954
Transform:
  m_ObjectHideFlags: 0
  m_CorrespondingSourceObject: {fileID: 0}
  m_PrefabInstance: {fileID: 0}
  m_PrefabAsset: {fileID: 0}
  m_GameObject: {fileID: 3521037945666603870}
  m_LocalRotation: {x: -0.0000037124705, y: -0.0000033872252, z: -0.4752595, w: 0.8798457}
  m_LocalPosition: {x: -1.4902999, y: 0.00000028610228, z: 0.0000009536743}
  m_LocalScale: {x: 1.0000001, y: 0.9999999, z: 0.99999994}
  m_Children: []
  m_Father: {fileID: 2140736679420797137}
  m_RootOrder: 1
  m_LocalEulerAnglesHint: {x: 0, y: 0, z: 0}
--- !u!1 &3709484468823795613
GameObject:
  m_ObjectHideFlags: 0
  m_CorrespondingSourceObject: {fileID: 0}
  m_PrefabInstance: {fileID: 0}
  m_PrefabAsset: {fileID: 0}
  serializedVersion: 6
  m_Component:
  - component: {fileID: 1286073723587342984}
  m_Layer: 0
  m_Name: RLeg_LowLeg_Bn_01
  m_TagString: Untagged
  m_Icon: {fileID: 0}
  m_NavMeshLayer: 0
  m_StaticEditorFlags: 0
  m_IsActive: 1
--- !u!4 &1286073723587342984
Transform:
  m_ObjectHideFlags: 0
  m_CorrespondingSourceObject: {fileID: 0}
  m_PrefabInstance: {fileID: 0}
  m_PrefabAsset: {fileID: 0}
  m_GameObject: {fileID: 3709484468823795613}
  m_LocalRotation: {x: -0.000010432622, y: -0.000018684088, z: -0.00009962495, w: 1}
  m_LocalPosition: {x: -1.265065, y: 0.0000065040585, z: -0.000019378662}
  m_LocalScale: {x: 0.9999999, y: 1, z: 1}
  m_Children:
  - {fileID: 9017535684311802220}
  - {fileID: 7930984172766092844}
  m_Father: {fileID: 7317849994668214733}
  m_RootOrder: 1
  m_LocalEulerAnglesHint: {x: 0, y: 0, z: 0}
--- !u!1 &3797425255035171799
GameObject:
  m_ObjectHideFlags: 0
  m_CorrespondingSourceObject: {fileID: 0}
  m_PrefabInstance: {fileID: 0}
  m_PrefabAsset: {fileID: 0}
  serializedVersion: 6
  m_Component:
  - component: {fileID: 4895041973657044872}
  m_Layer: 0
  m_Name: LArm_Thumb_Bn_01
  m_TagString: Untagged
  m_Icon: {fileID: 0}
  m_NavMeshLayer: 0
  m_StaticEditorFlags: 0
  m_IsActive: 1
--- !u!4 &4895041973657044872
Transform:
  m_ObjectHideFlags: 0
  m_CorrespondingSourceObject: {fileID: 0}
  m_PrefabInstance: {fileID: 0}
  m_PrefabAsset: {fileID: 0}
  m_GameObject: {fileID: 3797425255035171799}
  m_LocalRotation: {x: -0.6199685, y: 0.28924426, z: 0.3422528, w: 0.64408064}
  m_LocalPosition: {x: -0.21846192, y: 0.00076782226, z: 0.23662025}
  m_LocalScale: {x: 1.0000007, y: 1.0000007, z: 1.0000006}
  m_Children:
  - {fileID: 8869509859044591682}
  m_Father: {fileID: 2367448601217701966}
  m_RootOrder: 4
  m_LocalEulerAnglesHint: {x: 0, y: 0, z: 0}
--- !u!1 &3861515509179201670
GameObject:
  m_ObjectHideFlags: 0
  m_CorrespondingSourceObject: {fileID: 0}
  m_PrefabInstance: {fileID: 0}
  m_PrefabAsset: {fileID: 0}
  serializedVersion: 6
  m_Component:
  - component: {fileID: 456158457821736555}
  m_Layer: 0
  m_Name: RArm_Lower_Bn_01
  m_TagString: Untagged
  m_Icon: {fileID: 0}
  m_NavMeshLayer: 0
  m_StaticEditorFlags: 0
  m_IsActive: 1
--- !u!4 &456158457821736555
Transform:
  m_ObjectHideFlags: 0
  m_CorrespondingSourceObject: {fileID: 0}
  m_PrefabInstance: {fileID: 0}
  m_PrefabAsset: {fileID: 0}
  m_GameObject: {fileID: 3861515509179201670}
  m_LocalRotation: {x: -0.0006603838, y: 0.09676097, z: -0.01811717, w: 0.9951425}
  m_LocalPosition: {x: -1.286412, y: 0.00000030517577, z: 0.00000034332274}
  m_LocalScale: {x: 0.99999994, y: 0.9999998, z: 0.9999999}
  m_Children:
  - {fileID: 6729700581874211026}
  m_Father: {fileID: 8052469757656751098}
  m_RootOrder: 0
  m_LocalEulerAnglesHint: {x: 0, y: 0, z: 0}
--- !u!1 &4399037616610928497
GameObject:
  m_ObjectHideFlags: 0
  m_CorrespondingSourceObject: {fileID: 0}
  m_PrefabInstance: {fileID: 0}
  m_PrefabAsset: {fileID: 0}
  serializedVersion: 6
  m_Component:
  - component: {fileID: 9017535684311802220}
  m_Layer: 0
  m_Name: RFoot_Heel_Bn_01
  m_TagString: Untagged
  m_Icon: {fileID: 0}
  m_NavMeshLayer: 0
  m_StaticEditorFlags: 0
  m_IsActive: 1
--- !u!4 &9017535684311802220
Transform:
  m_ObjectHideFlags: 0
  m_CorrespondingSourceObject: {fileID: 0}
  m_PrefabInstance: {fileID: 0}
  m_PrefabAsset: {fileID: 0}
  m_GameObject: {fileID: 4399037616610928497}
  m_LocalRotation: {x: 0.021489557, y: 0.032995794, z: -0.6843842, w: 0.7280575}
  m_LocalPosition: {x: -1.5608793, y: -0.10766075, z: -0.0000021362305}
  m_LocalScale: {x: 1.0000001, y: 1, z: 0.9999998}
  m_Children:
  - {fileID: 9145303295430162417}
  m_Father: {fileID: 1286073723587342984}
  m_RootOrder: 0
  m_LocalEulerAnglesHint: {x: 0, y: 0, z: 0}
--- !u!1 &4771971292246713066
GameObject:
  m_ObjectHideFlags: 0
  m_CorrespondingSourceObject: {fileID: 0}
  m_PrefabInstance: {fileID: 0}
  m_PrefabAsset: {fileID: 0}
  serializedVersion: 6
  m_Component:
  - component: {fileID: 535457361954492926}
  m_Layer: 0
  m_Name: RArm_Fing3_Be_01
  m_TagString: Untagged
  m_Icon: {fileID: 0}
  m_NavMeshLayer: 0
  m_StaticEditorFlags: 0
  m_IsActive: 1
--- !u!4 &535457361954492926
Transform:
  m_ObjectHideFlags: 0
  m_CorrespondingSourceObject: {fileID: 0}
  m_PrefabInstance: {fileID: 0}
  m_PrefabAsset: {fileID: 0}
  m_GameObject: {fileID: 4771971292246713066}
  m_LocalRotation: {x: 0.0000000018626438, y: 0.000000003725292, z: 0.00000047154037,
    w: 1}
  m_LocalPosition: {x: -0.09951385, y: 0, z: 0}
  m_LocalScale: {x: 0.99999976, y: 0.99999976, z: 0.99999994}
  m_Children: []
  m_Father: {fileID: 3139981996319424911}
  m_RootOrder: 0
  m_LocalEulerAnglesHint: {x: 0, y: 0, z: 0}
--- !u!1 &4793612177620658908
GameObject:
  m_ObjectHideFlags: 0
  m_CorrespondingSourceObject: {fileID: 0}
  m_PrefabInstance: {fileID: 0}
  m_PrefabAsset: {fileID: 0}
  serializedVersion: 6
  m_Component:
  - component: {fileID: 4132663901397086881}
  m_Layer: 0
  m_Name: LFoot_Heel_Bn_01
  m_TagString: Untagged
  m_Icon: {fileID: 0}
  m_NavMeshLayer: 0
  m_StaticEditorFlags: 0
  m_IsActive: 1
--- !u!4 &4132663901397086881
Transform:
  m_ObjectHideFlags: 0
  m_CorrespondingSourceObject: {fileID: 0}
  m_PrefabInstance: {fileID: 0}
  m_PrefabAsset: {fileID: 0}
  m_GameObject: {fileID: 4793612177620658908}
  m_LocalRotation: {x: -0.021361418, y: 0.03312796, z: 0.6843553, w: 0.7280824}
  m_LocalPosition: {x: -1.5608795, y: 0.10766173, z: -0.00000057220456}
  m_LocalScale: {x: 0.99999994, y: 1.0000002, z: 1}
  m_Children:
  - {fileID: 839382009971354767}
  m_Father: {fileID: 2140736679420797137}
  m_RootOrder: 0
  m_LocalEulerAnglesHint: {x: 0, y: 0, z: 0}
--- !u!1 &4941426981914654463
GameObject:
  m_ObjectHideFlags: 0
  m_CorrespondingSourceObject: {fileID: 0}
  m_PrefabInstance: {fileID: 0}
  m_PrefabAsset: {fileID: 0}
  serializedVersion: 6
  m_Component:
  - component: {fileID: 7114931744011080496}
  m_Layer: 0
  m_Name: LFoot_Toes2_Be_01
  m_TagString: Untagged
  m_Icon: {fileID: 0}
  m_NavMeshLayer: 0
  m_StaticEditorFlags: 0
  m_IsActive: 1
--- !u!4 &7114931744011080496
Transform:
  m_ObjectHideFlags: 0
  m_CorrespondingSourceObject: {fileID: 0}
  m_PrefabInstance: {fileID: 0}
  m_PrefabAsset: {fileID: 0}
  m_GameObject: {fileID: 4941426981914654463}
  m_LocalRotation: {x: 0.007402317, y: 0.058537506, z: 0.005038566, w: 0.99824506}
  m_LocalPosition: {x: -0.2055065, y: 0.00000062465665, z: -0.0000002670288}
  m_LocalScale: {x: 0.99999994, y: 1.0000005, z: 1.0000002}
  m_Children: []
  m_Father: {fileID: 6338571781996772902}
  m_RootOrder: 0
  m_LocalEulerAnglesHint: {x: 0, y: 0, z: 0}
--- !u!1 &5157728833054074456
GameObject:
  m_ObjectHideFlags: 0
  m_CorrespondingSourceObject: {fileID: 0}
  m_PrefabInstance: {fileID: 0}
  m_PrefabAsset: {fileID: 0}
  serializedVersion: 6
  m_Component:
  - component: {fileID: 8757718068597995638}
  m_Layer: 0
  m_Name: RLeg_KneeCap_Be_01
  m_TagString: Untagged
  m_Icon: {fileID: 0}
  m_NavMeshLayer: 0
  m_StaticEditorFlags: 0
  m_IsActive: 1
--- !u!4 &8757718068597995638
Transform:
  m_ObjectHideFlags: 0
  m_CorrespondingSourceObject: {fileID: 0}
  m_PrefabInstance: {fileID: 0}
  m_PrefabAsset: {fileID: 0}
  m_GameObject: {fileID: 5157728833054074456}
  m_LocalRotation: {x: -0.00000022532895, y: -0.00008726239, z: 0.00007796287, w: 1}
  m_LocalPosition: {x: -0.21952301, y: 0.00000030517577, z: 0.0000009536743}
  m_LocalScale: {x: 0.9999999, y: 0.9999999, z: 0.99999994}
  m_Children: []
  m_Father: {fileID: 3605834240120595996}
  m_RootOrder: 0
  m_LocalEulerAnglesHint: {x: 0, y: 0, z: 0}
--- !u!1 &5217692030873859485
GameObject:
  m_ObjectHideFlags: 0
  m_CorrespondingSourceObject: {fileID: 0}
  m_PrefabInstance: {fileID: 0}
  m_PrefabAsset: {fileID: 0}
  serializedVersion: 6
  m_Component:
  - component: {fileID: 8896342378647686645}
  m_Layer: 0
  m_Name: Pelvis_Ctrl
  m_TagString: Untagged
  m_Icon: {fileID: 0}
  m_NavMeshLayer: 0
  m_StaticEditorFlags: 0
  m_IsActive: 1
--- !u!4 &8896342378647686645
Transform:
  m_ObjectHideFlags: 0
  m_CorrespondingSourceObject: {fileID: 0}
  m_PrefabInstance: {fileID: 0}
  m_PrefabAsset: {fileID: 0}
  m_GameObject: {fileID: 5217692030873859485}
  m_LocalRotation: {x: -0.4275409, y: 0.56321234, z: -0.4275409, w: 0.56321347}
  m_LocalPosition: {x: -0, y: 3.1999998, z: 0.0000017547607}
  m_LocalScale: {x: 1, y: 1, z: 1}
  m_Children:
  - {fileID: 2795279562641901037}
  m_Father: {fileID: 3526934323091045690}
  m_RootOrder: 2
  m_LocalEulerAnglesHint: {x: 0, y: 0, z: 0}
--- !u!1 &5530433027895061623
GameObject:
  m_ObjectHideFlags: 0
  m_CorrespondingSourceObject: {fileID: 0}
  m_PrefabInstance: {fileID: 0}
  m_PrefabAsset: {fileID: 0}
  serializedVersion: 6
  m_Component:
  - component: {fileID: 147765913280348208}
  m_Layer: 0
  m_Name: Spine_Spine1_Bn_02
  m_TagString: Untagged
  m_Icon: {fileID: 0}
  m_NavMeshLayer: 0
  m_StaticEditorFlags: 0
  m_IsActive: 1
--- !u!4 &147765913280348208
Transform:
  m_ObjectHideFlags: 0
  m_CorrespondingSourceObject: {fileID: 0}
  m_PrefabInstance: {fileID: 0}
  m_PrefabAsset: {fileID: 0}
  m_GameObject: {fileID: 5530433027895061623}
  m_LocalRotation: {x: -0.0000012169114, y: -0.00000013208, z: -0.09785403, w: 0.9952008}
  m_LocalPosition: {x: -0.28264922, y: 0.000000019073486, z: 0.000000023841856}
  m_LocalScale: {x: 0.99999994, y: 0.99999994, z: 0.99999994}
  m_Children:
  - {fileID: 1645839452509236068}
  m_Father: {fileID: 6871791120819658393}
  m_RootOrder: 0
  m_LocalEulerAnglesHint: {x: 0, y: 0, z: 0}
--- !u!1 &5534484584360707163
GameObject:
  m_ObjectHideFlags: 0
  m_CorrespondingSourceObject: {fileID: 0}
  m_PrefabInstance: {fileID: 0}
  m_PrefabAsset: {fileID: 0}
  serializedVersion: 6
  m_Component:
  - component: {fileID: 4514998074714022864}
  m_Layer: 0
  m_Name: LArm_Lower_Bn_01
  m_TagString: Untagged
  m_Icon: {fileID: 0}
  m_NavMeshLayer: 0
  m_StaticEditorFlags: 0
  m_IsActive: 1
--- !u!4 &4514998074714022864
Transform:
  m_ObjectHideFlags: 0
  m_CorrespondingSourceObject: {fileID: 0}
  m_PrefabInstance: {fileID: 0}
  m_PrefabAsset: {fileID: 0}
  m_GameObject: {fileID: 5534484584360707163}
  m_LocalRotation: {x: 0.0024560217, y: -0.000060342703, z: -0.000011564147, w: 0.999997}
  m_LocalPosition: {x: -1.2864125, y: 0, z: 0.00000034332274}
  m_LocalScale: {x: 0.9999999, y: 0.99999964, z: 0.9999996}
  m_Children:
  - {fileID: 2367448601217701966}
  m_Father: {fileID: 7896946360985751904}
  m_RootOrder: 0
  m_LocalEulerAnglesHint: {x: 0, y: 0, z: 0}
--- !u!1 &5664060075231054575
GameObject:
  m_ObjectHideFlags: 0
  m_CorrespondingSourceObject: {fileID: 0}
  m_PrefabInstance: {fileID: 0}
  m_PrefabAsset: {fileID: 0}
  serializedVersion: 6
  m_Component:
  - component: {fileID: 1645839452509236068}
  m_Layer: 0
  m_Name: Spine_Chest_Bn_01
  m_TagString: Untagged
  m_Icon: {fileID: 0}
  m_NavMeshLayer: 0
  m_StaticEditorFlags: 0
  m_IsActive: 1
--- !u!4 &1645839452509236068
Transform:
  m_ObjectHideFlags: 0
  m_CorrespondingSourceObject: {fileID: 0}
  m_PrefabInstance: {fileID: 0}
  m_PrefabAsset: {fileID: 0}
  m_GameObject: {fileID: 5664060075231054575}
  m_LocalRotation: {x: -0.0000021540993, y: 0.000000014554264, z: -0.0063240584, w: 0.99998003}
  m_LocalPosition: {x: -0.5967862, y: 0, z: 0.0000000047683715}
  m_LocalScale: {x: 1.0000002, y: 1.0000004, z: 1}
  m_Children:
  - {fileID: 7896946360985751904}
  - {fileID: 8052469757656751098}
  - {fileID: 7701833765066117458}
  m_Father: {fileID: 147765913280348208}
  m_RootOrder: 0
  m_LocalEulerAnglesHint: {x: 0, y: 0, z: 0}
--- !u!1 &5864495400663775152
GameObject:
  m_ObjectHideFlags: 0
  m_CorrespondingSourceObject: {fileID: 0}
  m_PrefabInstance: {fileID: 0}
  m_PrefabAsset: {fileID: 0}
  serializedVersion: 6
  m_Component:
  - component: {fileID: 3421563044875275501}
  m_Layer: 0
  m_Name: LArm_Fing2_Be_01
  m_TagString: Untagged
  m_Icon: {fileID: 0}
  m_NavMeshLayer: 0
  m_StaticEditorFlags: 0
  m_IsActive: 1
--- !u!4 &3421563044875275501
Transform:
  m_ObjectHideFlags: 0
  m_CorrespondingSourceObject: {fileID: 0}
  m_PrefabInstance: {fileID: 0}
  m_PrefabAsset: {fileID: 0}
  m_GameObject: {fileID: 5864495400663775152}
  m_LocalRotation: {x: 9.313226e-10, y: -4.3368087e-19, z: -4.656613e-10, w: 1}
  m_LocalPosition: {x: -0.13314025, y: -0.0000002670288, z: 0}
  m_LocalScale: {x: 1, y: 1, z: 1.0000001}
  m_Children: []
  m_Father: {fileID: 5577517738651072120}
  m_RootOrder: 0
  m_LocalEulerAnglesHint: {x: 0, y: 0, z: 0}
--- !u!1 &6037677874715653111
GameObject:
  m_ObjectHideFlags: 0
  m_CorrespondingSourceObject: {fileID: 0}
  m_PrefabInstance: {fileID: 0}
  m_PrefabAsset: {fileID: 0}
  serializedVersion: 6
  m_Component:
  - component: {fileID: 3526934323091045690}
  m_Layer: 0
  m_Name: Root
  m_TagString: Untagged
  m_Icon: {fileID: 0}
  m_NavMeshLayer: 0
  m_StaticEditorFlags: 0
  m_IsActive: 1
--- !u!4 &3526934323091045690
Transform:
  m_ObjectHideFlags: 0
  m_CorrespondingSourceObject: {fileID: 0}
  m_PrefabInstance: {fileID: 0}
  m_PrefabAsset: {fileID: 0}
  m_GameObject: {fileID: 6037677874715653111}
  m_LocalRotation: {x: 0, y: -0, z: -0, w: 1}
  m_LocalPosition: {x: -0, y: 0, z: 0}
  m_LocalScale: {x: 1, y: 1, z: 1}
  m_Children:
  - {fileID: 5155077037704993877}
  - {fileID: 206772738476845813}
  - {fileID: 8896342378647686645}
  - {fileID: 6801558949872147154}
  - {fileID: 706150721575979007}
  - {fileID: 6871791120819658393}
  m_Father: {fileID: 1818963101550442586}
  m_RootOrder: 3
  m_LocalEulerAnglesHint: {x: 0, y: 0, z: 0}
--- !u!1 &6067818587712668287
GameObject:
  m_ObjectHideFlags: 0
  m_CorrespondingSourceObject: {fileID: 0}
  m_PrefabInstance: {fileID: 0}
  m_PrefabAsset: {fileID: 0}
  serializedVersion: 6
  m_Component:
  - component: {fileID: 8813454807675492414}
  m_Layer: 0
  m_Name: Head_Head01_Be_01
  m_TagString: Untagged
  m_Icon: {fileID: 0}
  m_NavMeshLayer: 0
  m_StaticEditorFlags: 0
  m_IsActive: 1
--- !u!4 &8813454807675492414
Transform:
  m_ObjectHideFlags: 0
  m_CorrespondingSourceObject: {fileID: 0}
  m_PrefabInstance: {fileID: 0}
  m_PrefabAsset: {fileID: 0}
  m_GameObject: {fileID: 6067818587712668287}
  m_LocalRotation: {x: -0.0000004717149, y: 0.00000047287915, z: -0.000000059604435,
    w: 1}
  m_LocalPosition: {x: -0.8234555, y: -0.00000030517577, z: 0}
  m_LocalScale: {x: 0.9999998, y: 0.9999999, z: 0.99999994}
  m_Children: []
  m_Father: {fileID: 4812986660813562393}
  m_RootOrder: 0
  m_LocalEulerAnglesHint: {x: 0, y: 0, z: 0}
--- !u!1 &6443253633395602817
GameObject:
  m_ObjectHideFlags: 0
  m_CorrespondingSourceObject: {fileID: 0}
  m_PrefabInstance: {fileID: 0}
  m_PrefabAsset: {fileID: 0}
  serializedVersion: 6
  m_Component:
  - component: {fileID: 3934285995297383135}
  m_Layer: 0
  m_Name: RArm_Fing4_Be_01
  m_TagString: Untagged
  m_Icon: {fileID: 0}
  m_NavMeshLayer: 0
  m_StaticEditorFlags: 0
  m_IsActive: 1
--- !u!4 &3934285995297383135
Transform:
  m_ObjectHideFlags: 0
  m_CorrespondingSourceObject: {fileID: 0}
  m_PrefabInstance: {fileID: 0}
  m_PrefabAsset: {fileID: 0}
  m_GameObject: {fileID: 6443253633395602817}
  m_LocalRotation: {x: -0.0000000018618795, y: -0.0000015832488, z: 0.000000483764,
    w: 1}
  m_LocalPosition: {x: -0.11598938, y: 0.000000038146972, z: 0}
  m_LocalScale: {x: 0.99999976, y: 0.9999999, z: 1.0000001}
  m_Children: []
  m_Father: {fileID: 3550776165612055856}
  m_RootOrder: 0
  m_LocalEulerAnglesHint: {x: 0, y: 0, z: 0}
--- !u!1 &6446432802509799858
GameObject:
  m_ObjectHideFlags: 0
  m_CorrespondingSourceObject: {fileID: 0}
  m_PrefabInstance: {fileID: 0}
  m_PrefabAsset: {fileID: 0}
  serializedVersion: 6
  m_Component:
  - component: {fileID: 8110801963495705752}
  m_Layer: 0
  m_Name: LArm_Fing4_Be_01
  m_TagString: Untagged
  m_Icon: {fileID: 0}
  m_NavMeshLayer: 0
  m_StaticEditorFlags: 0
  m_IsActive: 1
--- !u!4 &8110801963495705752
Transform:
  m_ObjectHideFlags: 0
  m_CorrespondingSourceObject: {fileID: 0}
  m_PrefabInstance: {fileID: 0}
  m_PrefabAsset: {fileID: 0}
  m_GameObject: {fileID: 6446432802509799858}
  m_LocalRotation: {x: -6.5052147e-18, y: 0.000000011175873, z: 5.820767e-10, w: 1}
  m_LocalPosition: {x: -0.11598938, y: -0.0000001335144, z: -0.00000061035155}
  m_LocalScale: {x: 0.9999999, y: 0.9999999, z: 0.9999999}
  m_Children: []
  m_Father: {fileID: 6949578195730111374}
  m_RootOrder: 0
  m_LocalEulerAnglesHint: {x: 0, y: 0, z: 0}
--- !u!1 &6482978577032832508
GameObject:
  m_ObjectHideFlags: 0
  m_CorrespondingSourceObject: {fileID: 0}
  m_PrefabInstance: {fileID: 0}
  m_PrefabAsset: {fileID: 0}
  serializedVersion: 6
  m_Component:
  - component: {fileID: 8052469757656751098}
  m_Layer: 0
  m_Name: RArm_Upper_Bn_01
  m_TagString: Untagged
  m_Icon: {fileID: 0}
  m_NavMeshLayer: 0
  m_StaticEditorFlags: 0
  m_IsActive: 1
--- !u!4 &8052469757656751098
Transform:
  m_ObjectHideFlags: 0
  m_CorrespondingSourceObject: {fileID: 0}
  m_PrefabInstance: {fileID: 0}
  m_PrefabAsset: {fileID: 0}
  m_GameObject: {fileID: 6482978577032832508}
  m_LocalRotation: {x: 0.4244381, y: 0.4879948, z: -0.48851824, w: 0.58571607}
  m_LocalPosition: {x: -0.5190774, y: -0.28015646, z: 0.94478905}
  m_LocalScale: {x: 1.0000001, y: 0.99999964, z: 0.9999994}
  m_Children:
  - {fileID: 456158457821736555}
  m_Father: {fileID: 1645839452509236068}
  m_RootOrder: 1
  m_LocalEulerAnglesHint: {x: 0, y: 0, z: 0}
--- !u!1 &6714190775674032026
GameObject:
  m_ObjectHideFlags: 0
  m_CorrespondingSourceObject: {fileID: 0}
  m_PrefabInstance: {fileID: 0}
  m_PrefabAsset: {fileID: 0}
  serializedVersion: 6
  m_Component:
  - component: {fileID: 8699504346275763109}
  m_Layer: 0
  m_Name: RArm_Fing1_Be_01
  m_TagString: Untagged
  m_Icon: {fileID: 0}
  m_NavMeshLayer: 0
  m_StaticEditorFlags: 0
  m_IsActive: 1
--- !u!4 &8699504346275763109
Transform:
  m_ObjectHideFlags: 0
  m_CorrespondingSourceObject: {fileID: 0}
  m_PrefabInstance: {fileID: 0}
  m_PrefabAsset: {fileID: 0}
  m_GameObject: {fileID: 6714190775674032026}
  m_LocalRotation: {x: 0.0000000018624852, y: -0.00000074040145, z: -0.00000021603773,
    w: 1}
  m_LocalPosition: {x: -0.111693725, y: -0.000000076293944, z: -0.00000030517577}
  m_LocalScale: {x: 1, y: 1, z: 0.99999994}
  m_Children: []
  m_Father: {fileID: 5153220779484974230}
  m_RootOrder: 0
  m_LocalEulerAnglesHint: {x: 0, y: 0, z: 0}
--- !u!1 &6949246890503369106
GameObject:
  m_ObjectHideFlags: 0
  m_CorrespondingSourceObject: {fileID: 0}
  m_PrefabInstance: {fileID: 0}
  m_PrefabAsset: {fileID: 0}
  serializedVersion: 6
  m_Component:
  - component: {fileID: 3859643890806927671}
  m_Layer: 0
  m_Name: RArm_Fing3_Bn_02
  m_TagString: Untagged
  m_Icon: {fileID: 0}
  m_NavMeshLayer: 0
  m_StaticEditorFlags: 0
  m_IsActive: 1
--- !u!4 &3859643890806927671
Transform:
  m_ObjectHideFlags: 0
  m_CorrespondingSourceObject: {fileID: 0}
  m_PrefabInstance: {fileID: 0}
  m_PrefabAsset: {fileID: 0}
  m_GameObject: {fileID: 6949246890503369106}
  m_LocalRotation: {x: -0.00012615047, y: -0.0066408236, z: -0.00255333, w: 0.9999747}
  m_LocalPosition: {x: -0.2658548, y: -0.000000114440915, z: 0.00000061035155}
  m_LocalScale: {x: 1.0000002, y: 1, z: 1.0000004}
  m_Children:
  - {fileID: 3139981996319424911}
  m_Father: {fileID: 4600084316529473582}
  m_RootOrder: 0
  m_LocalEulerAnglesHint: {x: 0, y: 0, z: 0}
--- !u!1 &6961019661881955304
GameObject:
  m_ObjectHideFlags: 0
  m_CorrespondingSourceObject: {fileID: 0}
  m_PrefabInstance: {fileID: 0}
  m_PrefabAsset: {fileID: 0}
  serializedVersion: 6
  m_Component:
  - component: {fileID: 4600084316529473582}
  m_Layer: 0
  m_Name: RArm_Fing3_Bn_01
  m_TagString: Untagged
  m_Icon: {fileID: 0}
  m_NavMeshLayer: 0
  m_StaticEditorFlags: 0
  m_IsActive: 1
--- !u!4 &4600084316529473582
Transform:
  m_ObjectHideFlags: 0
  m_CorrespondingSourceObject: {fileID: 0}
  m_PrefabInstance: {fileID: 0}
  m_PrefabAsset: {fileID: 0}
  m_GameObject: {fileID: 6961019661881955304}
  m_LocalRotation: {x: 0.70875555, y: -0.043045, z: -0.009528967, w: 0.7040753}
  m_LocalPosition: {x: -0.53337127, y: 0.004299011, z: -0.07458196}
  m_LocalScale: {x: 0.9999997, y: 0.9999996, z: 0.9999998}
  m_Children:
  - {fileID: 3859643890806927671}
  m_Father: {fileID: 6729700581874211026}
  m_RootOrder: 2
  m_LocalEulerAnglesHint: {x: 0, y: 0, z: 0}
--- !u!1 &6967619020973592805
GameObject:
  m_ObjectHideFlags: 0
  m_CorrespondingSourceObject: {fileID: 0}
  m_PrefabInstance: {fileID: 0}
  m_PrefabAsset: {fileID: 0}
  serializedVersion: 6
  m_Component:
  - component: {fileID: 5577517738651072120}
  m_Layer: 0
  m_Name: LArm_Fing2_Bn_03
  m_TagString: Untagged
  m_Icon: {fileID: 0}
  m_NavMeshLayer: 0
  m_StaticEditorFlags: 0
  m_IsActive: 1
--- !u!4 &5577517738651072120
Transform:
  m_ObjectHideFlags: 0
  m_CorrespondingSourceObject: {fileID: 0}
  m_PrefabInstance: {fileID: 0}
  m_PrefabAsset: {fileID: 0}
  m_GameObject: {fileID: 6967619020973592805}
  m_LocalRotation: {x: 0.0000000678172, y: 0.000020976999, z: -0.0032773113, w: 0.99999464}
  m_LocalPosition: {x: -0.16717713, y: -0.000000028610229, z: 0}
  m_LocalScale: {x: 1.0000001, y: 1, z: 1}
  m_Children:
  - {fileID: 3421563044875275501}
  m_Father: {fileID: 1601548417080711571}
  m_RootOrder: 0
  m_LocalEulerAnglesHint: {x: 0, y: 0, z: 0}
--- !u!1 &7428042384494500574
GameObject:
  m_ObjectHideFlags: 0
  m_CorrespondingSourceObject: {fileID: 0}
  m_PrefabInstance: {fileID: 0}
  m_PrefabAsset: {fileID: 0}
  serializedVersion: 6
  m_Component:
  - component: {fileID: 7896946360985751904}
  m_Layer: 0
  m_Name: LArm_Upper_Bn_01
  m_TagString: Untagged
  m_Icon: {fileID: 0}
  m_NavMeshLayer: 0
  m_StaticEditorFlags: 0
  m_IsActive: 1
--- !u!4 &7896946360985751904
Transform:
  m_ObjectHideFlags: 0
  m_CorrespondingSourceObject: {fileID: 0}
  m_PrefabInstance: {fileID: 0}
  m_PrefabAsset: {fileID: 0}
  m_GameObject: {fileID: 7428042384494500574}
  m_LocalRotation: {x: 0.5049018, y: -0.44665012, z: 0.57131994, w: 0.46815753}
  m_LocalPosition: {x: -0.51907897, y: -0.28014183, z: -0.9447943}
  m_LocalScale: {x: 0.99999994, y: 0.9999997, z: 0.9999994}
  m_Children:
  - {fileID: 4514998074714022864}
  m_Father: {fileID: 1645839452509236068}
  m_RootOrder: 0
  m_LocalEulerAnglesHint: {x: 0, y: 0, z: 0}
--- !u!1 &7440761725367063350
GameObject:
  m_ObjectHideFlags: 0
  m_CorrespondingSourceObject: {fileID: 0}
  m_PrefabInstance: {fileID: 0}
  m_PrefabAsset: {fileID: 0}
  serializedVersion: 6
  m_Component:
  - component: {fileID: 3605834240120595996}
  m_Layer: 0
  m_Name: RLeg_KneeCap_Bn_01
  m_TagString: Untagged
  m_Icon: {fileID: 0}
  m_NavMeshLayer: 0
  m_StaticEditorFlags: 0
  m_IsActive: 1
--- !u!4 &3605834240120595996
Transform:
  m_ObjectHideFlags: 0
  m_CorrespondingSourceObject: {fileID: 0}
  m_PrefabInstance: {fileID: 0}
  m_PrefabAsset: {fileID: 0}
  m_GameObject: {fileID: 7440761725367063350}
  m_LocalRotation: {x: -0.000011990479, y: 0.000012458197, z: -0.36897883, w: 0.9294378}
  m_LocalPosition: {x: -1.0843364, y: 0.0004340744, z: 0.000021858215}
  m_LocalScale: {x: 1, y: 0.99999994, z: 0.99999994}
  m_Children:
  - {fileID: 8757718068597995638}
  m_Father: {fileID: 7317849994668214733}
  m_RootOrder: 0
  m_LocalEulerAnglesHint: {x: 0, y: 0, z: 0}
--- !u!1 &7466172319554375465
GameObject:
  m_ObjectHideFlags: 0
  m_CorrespondingSourceObject: {fileID: 0}
  m_PrefabInstance: {fileID: 0}
  m_PrefabAsset: {fileID: 0}
  serializedVersion: 6
  m_Component:
  - component: {fileID: 8437495659626499705}
  m_Layer: 0
  m_Name: LLeg_Upper_Bn_01
  m_TagString: Untagged
  m_Icon: {fileID: 0}
  m_NavMeshLayer: 0
  m_StaticEditorFlags: 0
  m_IsActive: 1
--- !u!4 &8437495659626499705
Transform:
  m_ObjectHideFlags: 0
  m_CorrespondingSourceObject: {fileID: 0}
  m_PrefabInstance: {fileID: 0}
  m_PrefabAsset: {fileID: 0}
  m_GameObject: {fileID: 7466172319554375465}
  m_LocalRotation: {x: 0.037193015, y: -0.40300697, z: -0.25142303, w: 0.87919766}
  m_LocalPosition: {x: -0.54616225, y: -0.00000015258789, z: -0.00000030517577}
  m_LocalScale: {x: 1, y: 1.0000002, z: 1.0000001}
  m_Children:
  - {fileID: 954669473341713753}
  - {fileID: 2140736679420797137}
  m_Father: {fileID: 8327101464245395754}
  m_RootOrder: 0
  m_LocalEulerAnglesHint: {x: 0, y: 0, z: 0}
--- !u!1 &7529459640178899405
GameObject:
  m_ObjectHideFlags: 0
  m_CorrespondingSourceObject: {fileID: 0}
  m_PrefabInstance: {fileID: 0}
  m_PrefabAsset: {fileID: 0}
  serializedVersion: 6
  m_Component:
  - component: {fileID: 1696488117944819247}
  m_Layer: 0
  m_Name: RArm_Fing2_Bn_01
  m_TagString: Untagged
  m_Icon: {fileID: 0}
  m_NavMeshLayer: 0
  m_StaticEditorFlags: 0
  m_IsActive: 1
--- !u!4 &1696488117944819247
Transform:
  m_ObjectHideFlags: 0
  m_CorrespondingSourceObject: {fileID: 0}
  m_PrefabInstance: {fileID: 0}
  m_PrefabAsset: {fileID: 0}
  m_GameObject: {fileID: 7529459640178899405}
  m_LocalRotation: {x: 0.7064141, y: 0.0041431473, z: -0.05791469, w: 0.7054132}
  m_LocalPosition: {x: -0.53554684, y: 0.0036471556, z: 0.0843757}
  m_LocalScale: {x: 0.99999976, y: 0.9999998, z: 1.0000001}
  m_Children:
  - {fileID: 8184225267057575111}
  m_Father: {fileID: 6729700581874211026}
  m_RootOrder: 1
  m_LocalEulerAnglesHint: {x: 0, y: 0, z: 0}
--- !u!1 &7598420036526888612
GameObject:
  m_ObjectHideFlags: 0
  m_CorrespondingSourceObject: {fileID: 0}
  m_PrefabInstance: {fileID: 0}
  m_PrefabAsset: {fileID: 0}
  serializedVersion: 6
  m_Component:
  - component: {fileID: 8184225267057575111}
  m_Layer: 0
  m_Name: RArm_Fing2_Bn_02
  m_TagString: Untagged
  m_Icon: {fileID: 0}
  m_NavMeshLayer: 0
  m_StaticEditorFlags: 0
  m_IsActive: 1
--- !u!4 &8184225267057575111
Transform:
  m_ObjectHideFlags: 0
  m_CorrespondingSourceObject: {fileID: 0}
  m_PrefabInstance: {fileID: 0}
  m_PrefabAsset: {fileID: 0}
  m_GameObject: {fileID: 7598420036526888612}
  m_LocalRotation: {x: -0.00007721911, y: -0.0056491187, z: -0.00020592679, w: 0.999984}
  m_LocalPosition: {x: -0.32171538, y: 0.000005197525, z: -0.00000061035155}
  m_LocalScale: {x: 1.0000002, y: 1.0000004, z: 1.0000004}
  m_Children:
  - {fileID: 5833246861891575737}
  m_Father: {fileID: 1696488117944819247}
  m_RootOrder: 0
  m_LocalEulerAnglesHint: {x: 0, y: 0, z: 0}
--- !u!1 &7635985798540687479
GameObject:
  m_ObjectHideFlags: 0
  m_CorrespondingSourceObject: {fileID: 0}
  m_PrefabInstance: {fileID: 0}
  m_PrefabAsset: {fileID: 0}
  serializedVersion: 6
  m_Component:
  - component: {fileID: 1278723588289222135}
  m_Layer: 0
  m_Name: RArm_Fing2_Be_01
  m_TagString: Untagged
  m_Icon: {fileID: 0}
  m_NavMeshLayer: 0
  m_StaticEditorFlags: 0
  m_IsActive: 1
--- !u!4 &1278723588289222135
Transform:
  m_ObjectHideFlags: 0
  m_CorrespondingSourceObject: {fileID: 0}
  m_PrefabInstance: {fileID: 0}
  m_PrefabAsset: {fileID: 0}
  m_GameObject: {fileID: 7635985798540687479}
  m_LocalRotation: {x: -9.326674e-10, y: 0.0000014230607, z: 0.00000094505947, w: 1}
  m_LocalPosition: {x: -0.13313964, y: 0.00000030517577, z: -0.00000061035155}
  m_LocalScale: {x: 1.0000001, y: 1.0000001, z: 1}
  m_Children: []
  m_Father: {fileID: 5833246861891575737}
  m_RootOrder: 0
  m_LocalEulerAnglesHint: {x: 0, y: 0, z: 0}
--- !u!1 &7743057189773400740
GameObject:
  m_ObjectHideFlags: 0
  m_CorrespondingSourceObject: {fileID: 0}
  m_PrefabInstance: {fileID: 0}
  m_PrefabAsset: {fileID: 0}
  serializedVersion: 6
  m_Component:
  - component: {fileID: 6729700581874211026}
  m_Layer: 0
  m_Name: RArm_Hand_Bn_01
  m_TagString: Untagged
  m_Icon: {fileID: 0}
  m_NavMeshLayer: 0
  m_StaticEditorFlags: 0
  m_IsActive: 1
--- !u!4 &6729700581874211026
Transform:
  m_ObjectHideFlags: 0
  m_CorrespondingSourceObject: {fileID: 0}
  m_PrefabInstance: {fileID: 0}
  m_PrefabAsset: {fileID: 0}
  m_GameObject: {fileID: 7743057189773400740}
  m_LocalRotation: {x: 0.0002673421, y: -0.048986066, z: 0.00568339, w: 0.9987833}
  m_LocalPosition: {x: -1.3522213, y: 0, z: -0.0000004673004}
  m_LocalScale: {x: 1.0000004, y: 1, z: 1}
  m_Children:
  - {fileID: 6173480948952823552}
  - {fileID: 1696488117944819247}
  - {fileID: 4600084316529473582}
  - {fileID: 7517443119605032914}
  - {fileID: 1328929471714970827}
  m_Father: {fileID: 456158457821736555}
  m_RootOrder: 0
  m_LocalEulerAnglesHint: {x: 0, y: 0, z: 0}
--- !u!1 &7868105156212520092
GameObject:
  m_ObjectHideFlags: 0
  m_CorrespondingSourceObject: {fileID: 0}
  m_PrefabInstance: {fileID: 0}
  m_PrefabAsset: {fileID: 0}
  serializedVersion: 6
  m_Component:
  - component: {fileID: 6338571781996772902}
  m_Layer: 0
  m_Name: LFoot_Toes2l_Bn_01
  m_TagString: Untagged
  m_Icon: {fileID: 0}
  m_NavMeshLayer: 0
  m_StaticEditorFlags: 0
  m_IsActive: 1
--- !u!4 &6338571781996772902
Transform:
  m_ObjectHideFlags: 0
  m_CorrespondingSourceObject: {fileID: 0}
  m_PrefabInstance: {fileID: 0}
  m_PrefabAsset: {fileID: 0}
  m_GameObject: {fileID: 7868105156212520092}
  m_LocalRotation: {x: 0.0014737021, y: -0.14630966, z: -0.008158523, w: 0.98920417}
  m_LocalPosition: {x: -0.24652061, y: -0.00049694534, z: -0.000016756057}
  m_LocalScale: {x: 1, y: 0.9999996, z: 0.99999964}
  m_Children:
  - {fileID: 7114931744011080496}
  m_Father: {fileID: 839382009971354767}
  m_RootOrder: 1
  m_LocalEulerAnglesHint: {x: 0, y: 0, z: 0}
--- !u!1 &7907676238803128470
GameObject:
  m_ObjectHideFlags: 0
  m_CorrespondingSourceObject: {fileID: 0}
  m_PrefabInstance: {fileID: 0}
  m_PrefabAsset: {fileID: 0}
  serializedVersion: 6
  m_Component:
  - component: {fileID: 3139981996319424911}
  m_Layer: 0
  m_Name: RArm_Fing3_Bn_03
  m_TagString: Untagged
  m_Icon: {fileID: 0}
  m_NavMeshLayer: 0
  m_StaticEditorFlags: 0
  m_IsActive: 1
--- !u!4 &3139981996319424911
Transform:
  m_ObjectHideFlags: 0
  m_CorrespondingSourceObject: {fileID: 0}
  m_PrefabInstance: {fileID: 0}
  m_PrefabAsset: {fileID: 0}
  m_GameObject: {fileID: 7907676238803128470}
  m_LocalRotation: {x: 0.000000056279085, y: -0.000000045370896, z: -0.011802797,
    w: 0.9999304}
  m_LocalPosition: {x: -0.14440796, y: 0, z: 0}
  m_LocalScale: {x: 1, y: 1.0000002, z: 0.99999994}
  m_Children:
  - {fileID: 535457361954492926}
  m_Father: {fileID: 3859643890806927671}
  m_RootOrder: 0
  m_LocalEulerAnglesHint: {x: 0, y: 0, z: 0}
--- !u!1 &7925236785483171357
GameObject:
  m_ObjectHideFlags: 0
  m_CorrespondingSourceObject: {fileID: 0}
  m_PrefabInstance: {fileID: 0}
  m_PrefabAsset: {fileID: 0}
  serializedVersion: 6
  m_Component:
  - component: {fileID: 7586786646638677051}
  m_Layer: 0
  m_Name: LArm_Fing4_Bn_01
  m_TagString: Untagged
  m_Icon: {fileID: 0}
  m_NavMeshLayer: 0
  m_StaticEditorFlags: 0
  m_IsActive: 1
--- !u!4 &7586786646638677051
Transform:
  m_ObjectHideFlags: 0
  m_CorrespondingSourceObject: {fileID: 0}
  m_PrefabInstance: {fileID: 0}
  m_PrefabAsset: {fileID: 0}
  m_GameObject: {fileID: 7925236785483171357}
  m_LocalRotation: {x: -0.70871335, y: -0.052356567, z: -0.00027499866, w: 0.70355105}
  m_LocalPosition: {x: -0.49362305, y: -0.0045913695, z: -0.22763199}
  m_LocalScale: {x: 1.0000007, y: 1.0000005, z: 1.0000004}
  m_Children:
  - {fileID: 7442947562351471001}
  m_Father: {fileID: 2367448601217701966}
  m_RootOrder: 3
  m_LocalEulerAnglesHint: {x: 0, y: 0, z: 0}
--- !u!1 &8040680593919627657
GameObject:
  m_ObjectHideFlags: 0
  m_CorrespondingSourceObject: {fileID: 0}
  m_PrefabInstance: {fileID: 0}
  m_PrefabAsset: {fileID: 0}
  serializedVersion: 6
  m_Component:
  - component: {fileID: 7871308788941458317}
  - component: {fileID: 3716958198177941697}
  m_Layer: 0
  m_Name: LArm_01
  m_TagString: Untagged
  m_Icon: {fileID: 0}
  m_NavMeshLayer: 0
  m_StaticEditorFlags: 0
  m_IsActive: 1
--- !u!4 &7871308788941458317
Transform:
  m_ObjectHideFlags: 0
  m_CorrespondingSourceObject: {fileID: 0}
  m_PrefabInstance: {fileID: 0}
  m_PrefabAsset: {fileID: 0}
  m_GameObject: {fileID: 8040680593919627657}
  m_LocalRotation: {x: -0.7071068, y: -0.000000061817246, z: -0.000000061817246, w: 0.7071068}
  m_LocalPosition: {x: -0.004168648, y: 0.9878243, z: 0.39664337}
  m_LocalScale: {x: 1, y: 1, z: 1}
  m_Children: []
  m_Father: {fileID: 1818963101550442586}
  m_RootOrder: 0
  m_LocalEulerAnglesHint: {x: 0, y: 0, z: 0}
--- !u!137 &3716958198177941697
SkinnedMeshRenderer:
  m_ObjectHideFlags: 0
  m_CorrespondingSourceObject: {fileID: 0}
  m_PrefabInstance: {fileID: 0}
  m_PrefabAsset: {fileID: 0}
  m_GameObject: {fileID: 8040680593919627657}
  m_Enabled: 1
  m_CastShadows: 1
  m_ReceiveShadows: 1
  m_DynamicOccludee: 1
  m_MotionVectors: 1
  m_LightProbeUsage: 1
  m_ReflectionProbeUsage: 1
  m_RayTracingMode: 0
  m_RenderingLayerMask: 1
  m_RendererPriority: 0
  m_Materials:
  - {fileID: 2100000, guid: d67208b915e52384a9e7db39cbfbbad0, type: 2}
  m_StaticBatchInfo:
    firstSubMesh: 0
    subMeshCount: 0
  m_StaticBatchRoot: {fileID: 0}
  m_ProbeAnchor: {fileID: 0}
  m_LightProbeVolumeOverride: {fileID: 0}
  m_ScaleInLightmap: 1
  m_ReceiveGI: 1
  m_PreserveUVs: 0
  m_IgnoreNormalsForChartDetection: 0
  m_ImportantGI: 0
  m_StitchLightmapSeams: 1
  m_SelectedEditorRenderState: 3
  m_MinimumChartSize: 4
  m_AutoUVMaxDistance: 0.5
  m_AutoUVMaxAngle: 89
  m_LightmapParameters: {fileID: 0}
  m_SortingLayerID: 0
  m_SortingLayer: 0
  m_SortingOrder: 0
  serializedVersion: 2
  m_Quality: 0
  m_UpdateWhenOffscreen: 0
  m_SkinnedMotionVectors: 1
  m_Mesh: {fileID: 4471985560728464149, guid: 80b111e9a32aaf24a8fc92c47d27062c, type: 3}
  m_Bones:
  - {fileID: 8052469757656751098}
  - {fileID: 456158457821736555}
  - {fileID: 6729700581874211026}
  - {fileID: 4600084316529473582}
  - {fileID: 6173480948952823552}
  - {fileID: 1328929471714970827}
  - {fileID: 7517443119605032914}
  - {fileID: 3468067882210759841}
  - {fileID: 3550776165612055856}
  - {fileID: 3934285995297383135}
  - {fileID: 3859643890806927671}
  - {fileID: 3139981996319424911}
  - {fileID: 535457361954492926}
  - {fileID: 1696488117944819247}
  - {fileID: 8184225267057575111}
  - {fileID: 5833246861891575737}
  - {fileID: 1278723588289222135}
  - {fileID: 8850325535004879550}
  - {fileID: 5153220779484974230}
  - {fileID: 8669267604477730336}
  - {fileID: 9174194895917634678}
  - {fileID: 4212425981330732913}
  m_BlendShapeWeights: []
  m_RootBone: {fileID: 8052469757656751098}
  m_AABB:
    m_Center: {x: -1.8766348, y: 0.027112983, z: 0.3902514}
    m_Extent: {x: 1.8733714, y: 0.16626292, z: 0.5745816}
  m_DirtyAABB: 0
--- !u!1 &8042644582752564360
GameObject:
  m_ObjectHideFlags: 0
  m_CorrespondingSourceObject: {fileID: 0}
  m_PrefabInstance: {fileID: 0}
  m_PrefabAsset: {fileID: 0}
  serializedVersion: 6
  m_Component:
  - component: {fileID: 8869509859044591682}
  m_Layer: 0
  m_Name: LArm_Thumb_Bn_02
  m_TagString: Untagged
  m_Icon: {fileID: 0}
  m_NavMeshLayer: 0
  m_StaticEditorFlags: 0
  m_IsActive: 1
--- !u!4 &8869509859044591682
Transform:
  m_ObjectHideFlags: 0
  m_CorrespondingSourceObject: {fileID: 0}
  m_PrefabInstance: {fileID: 0}
  m_PrefabAsset: {fileID: 0}
  m_GameObject: {fileID: 8042644582752564360}
  m_LocalRotation: {x: -0.0000146388065, y: -0.001908654, z: -0.03190262, w: 0.9994892}
  m_LocalPosition: {x: -0.2369931, y: 0.00000030517577, z: 0}
  m_LocalScale: {x: 0.9999999, y: 0.99999976, z: 0.99999994}
  m_Children:
  - {fileID: 59438092373521437}
  m_Father: {fileID: 4895041973657044872}
  m_RootOrder: 0
  m_LocalEulerAnglesHint: {x: 0, y: 0, z: 0}
--- !u!1 &8059791104982001256
GameObject:
  m_ObjectHideFlags: 0
  m_CorrespondingSourceObject: {fileID: 0}
  m_PrefabInstance: {fileID: 0}
  m_PrefabAsset: {fileID: 0}
  serializedVersion: 6
  m_Component:
  - component: {fileID: 4576535390658914187}
  m_Layer: 0
  m_Name: RFoot_BigToe_Bn_01
  m_TagString: Untagged
  m_Icon: {fileID: 0}
  m_NavMeshLayer: 0
  m_StaticEditorFlags: 0
  m_IsActive: 1
--- !u!4 &4576535390658914187
Transform:
  m_ObjectHideFlags: 0
  m_CorrespondingSourceObject: {fileID: 0}
  m_PrefabInstance: {fileID: 0}
  m_PrefabAsset: {fileID: 0}
  m_GameObject: {fileID: 8059791104982001256}
  m_LocalRotation: {x: -0.6847189, y: -0.17690201, z: -0.18121526, w: 0.68339354}
  m_LocalPosition: {x: -0.18978103, y: -0.0008899688, z: -0.2544909}
  m_LocalScale: {x: 1, y: 0.9999995, z: 0.9999999}
  m_Children:
  - {fileID: 3576509517452128205}
  m_Father: {fileID: 9145303295430162417}
  m_RootOrder: 0
  m_LocalEulerAnglesHint: {x: 0, y: 0, z: 0}
--- !u!1 &8060307210950051358
GameObject:
  m_ObjectHideFlags: 0
  m_CorrespondingSourceObject: {fileID: 0}
  m_PrefabInstance: {fileID: 0}
  m_PrefabAsset: {fileID: 0}
  serializedVersion: 6
  m_Component:
  - component: {fileID: 3576509517452128205}
  m_Layer: 0
  m_Name: RFoot_BigToe_Be_01
  m_TagString: Untagged
  m_Icon: {fileID: 0}
  m_NavMeshLayer: 0
  m_StaticEditorFlags: 0
  m_IsActive: 1
--- !u!4 &3576509517452128205
Transform:
  m_ObjectHideFlags: 0
  m_CorrespondingSourceObject: {fileID: 0}
  m_PrefabInstance: {fileID: 0}
  m_PrefabAsset: {fileID: 0}
  m_GameObject: {fileID: 8060307210950051358}
  m_LocalRotation: {x: -0.0000007157256, y: -0.000005053122, z: -0.0000008488185,
    w: 1}
  m_LocalPosition: {x: -0.17729133, y: -0.000000038146972, z: -0.00000030517577}
  m_LocalScale: {x: 1.0000001, y: 1.0000001, z: 0.99999994}
  m_Children: []
  m_Father: {fileID: 4576535390658914187}
  m_RootOrder: 0
  m_LocalEulerAnglesHint: {x: 0, y: 0, z: 0}
--- !u!1 &8074786942516551225
GameObject:
  m_ObjectHideFlags: 0
  m_CorrespondingSourceObject: {fileID: 0}
  m_PrefabInstance: {fileID: 0}
  m_PrefabAsset: {fileID: 0}
  serializedVersion: 6
  m_Component:
  - component: {fileID: 1692282124522385061}
  m_Layer: 0
  m_Name: LArm_Fing1_Be_01
  m_TagString: Untagged
  m_Icon: {fileID: 0}
  m_NavMeshLayer: 0
  m_StaticEditorFlags: 0
  m_IsActive: 1
--- !u!4 &1692282124522385061
Transform:
  m_ObjectHideFlags: 0
  m_CorrespondingSourceObject: {fileID: 0}
  m_PrefabInstance: {fileID: 0}
  m_PrefabAsset: {fileID: 0}
  m_GameObject: {fileID: 8074786942516551225}
  m_LocalRotation: {x: -0.0000000018626454, y: -8.2399365e-18, z: 0.000000004423782,
    w: 1}
  m_LocalPosition: {x: -0.11169464, y: 0, z: 0}
  m_LocalScale: {x: 1, y: 0.99999994, z: 0.9999999}
  m_Children: []
  m_Father: {fileID: 6180032247407569}
  m_RootOrder: 0
  m_LocalEulerAnglesHint: {x: 0, y: 0, z: 0}
--- !u!1 &8191058532555799796
GameObject:
  m_ObjectHideFlags: 0
  m_CorrespondingSourceObject: {fileID: 0}
  m_PrefabInstance: {fileID: 0}
  m_PrefabAsset: {fileID: 0}
  serializedVersion: 6
  m_Component:
  - component: {fileID: 4812986660813562393}
  m_Layer: 0
  m_Name: Head_Head01_Bn_01
  m_TagString: Untagged
  m_Icon: {fileID: 0}
  m_NavMeshLayer: 0
  m_StaticEditorFlags: 0
  m_IsActive: 1
--- !u!4 &4812986660813562393
Transform:
  m_ObjectHideFlags: 0
  m_CorrespondingSourceObject: {fileID: 0}
  m_PrefabInstance: {fileID: 0}
  m_PrefabAsset: {fileID: 0}
  m_GameObject: {fileID: 8191058532555799796}
  m_LocalRotation: {x: -0.0000033567599, y: -0.0000012729545, z: 0.25456965, w: 0.9670545}
  m_LocalPosition: {x: -0.33693084, y: 0, z: 0}
  m_LocalScale: {x: 1, y: 1, z: 0.99999994}
  m_Children:
  - {fileID: 8813454807675492414}
  m_Father: {fileID: 572531547484159072}
  m_RootOrder: 0
  m_LocalEulerAnglesHint: {x: 0, y: 0, z: 0}
--- !u!1 &8340377946496001371
GameObject:
  m_ObjectHideFlags: 0
  m_CorrespondingSourceObject: {fileID: 0}
  m_PrefabInstance: {fileID: 0}
  m_PrefabAsset: {fileID: 0}
  serializedVersion: 6
  m_Component:
  - component: {fileID: 1328929471714970827}
  m_Layer: 0
  m_Name: RArm_Thumb_Bn_01
  m_TagString: Untagged
  m_Icon: {fileID: 0}
  m_NavMeshLayer: 0
  m_StaticEditorFlags: 0
  m_IsActive: 1
--- !u!4 &1328929471714970827
Transform:
  m_ObjectHideFlags: 0
  m_CorrespondingSourceObject: {fileID: 0}
  m_PrefabInstance: {fileID: 0}
  m_PrefabAsset: {fileID: 0}
  m_GameObject: {fileID: 8340377946496001371}
  m_LocalRotation: {x: 0.6199682, y: 0.2892447, z: -0.34225273, w: 0.6440808}
  m_LocalPosition: {x: -0.2184616, y: -0.00076782226, z: 0.23662032}
  m_LocalScale: {x: 0.9999997, y: 0.99999976, z: 1}
  m_Children:
  - {fileID: 8669267604477730336}
  m_Father: {fileID: 6729700581874211026}
  m_RootOrder: 4
  m_LocalEulerAnglesHint: {x: 0, y: 0, z: 0}
--- !u!1 &8453435234833676894
GameObject:
  m_ObjectHideFlags: 0
  m_CorrespondingSourceObject: {fileID: 0}
  m_PrefabInstance: {fileID: 0}
  m_PrefabAsset: {fileID: 0}
  serializedVersion: 6
  m_Component:
  - component: {fileID: 5153220779484974230}
  m_Layer: 0
  m_Name: RArm_Fing1_Bn_03
  m_TagString: Untagged
  m_Icon: {fileID: 0}
  m_NavMeshLayer: 0
  m_StaticEditorFlags: 0
  m_IsActive: 1
--- !u!4 &5153220779484974230
Transform:
  m_ObjectHideFlags: 0
  m_CorrespondingSourceObject: {fileID: 0}
  m_PrefabInstance: {fileID: 0}
  m_PrefabAsset: {fileID: 0}
  m_GameObject: {fileID: 8453435234833676894}
  m_LocalRotation: {x: 0.000000002318225, y: -0.00000047497994, z: 0.011743012, w: 0.99993104}
  m_LocalPosition: {x: -0.13349944, y: -0.00000015258789, z: 0}
  m_LocalScale: {x: 1.0000002, y: 0.9999997, z: 0.99999994}
  m_Children:
  - {fileID: 8699504346275763109}
  m_Father: {fileID: 8850325535004879550}
  m_RootOrder: 0
  m_LocalEulerAnglesHint: {x: 0, y: 0, z: 0}
--- !u!1 &8480065243878753126
GameObject:
  m_ObjectHideFlags: 0
  m_CorrespondingSourceObject: {fileID: 0}
  m_PrefabInstance: {fileID: 0}
  m_PrefabAsset: {fileID: 0}
  serializedVersion: 6
  m_Component:
  - component: {fileID: 59438092373521437}
  m_Layer: 0
  m_Name: LArm_Thumb_Bn_03
  m_TagString: Untagged
  m_Icon: {fileID: 0}
  m_NavMeshLayer: 0
  m_StaticEditorFlags: 0
  m_IsActive: 1
--- !u!4 &59438092373521437
Transform:
  m_ObjectHideFlags: 0
  m_CorrespondingSourceObject: {fileID: 0}
  m_PrefabInstance: {fileID: 0}
  m_PrefabAsset: {fileID: 0}
  m_GameObject: {fileID: 8480065243878753126}
  m_LocalRotation: {x: 0.000012547014, y: 0.0011808367, z: 0.010574063, w: 0.99994344}
  m_LocalPosition: {x: -0.15167816, y: -0.00000015258789, z: 0}
  m_LocalScale: {x: 1.0000004, y: 1.0000004, z: 1.0000004}
  m_Children:
  - {fileID: 676797767199905760}
  m_Father: {fileID: 8869509859044591682}
  m_RootOrder: 0
  m_LocalEulerAnglesHint: {x: 0, y: 0, z: 0}
--- !u!1 &8480315364752429401
GameObject:
  m_ObjectHideFlags: 0
  m_CorrespondingSourceObject: {fileID: 0}
  m_PrefabInstance: {fileID: 0}
  m_PrefabAsset: {fileID: 0}
  serializedVersion: 6
  m_Component:
  - component: {fileID: 6734995525552449846}
  m_Layer: 0
  m_Name: LArm_Fing3_Bn_01
  m_TagString: Untagged
  m_Icon: {fileID: 0}
  m_NavMeshLayer: 0
  m_StaticEditorFlags: 0
  m_IsActive: 1
--- !u!4 &6734995525552449846
Transform:
  m_ObjectHideFlags: 0
  m_CorrespondingSourceObject: {fileID: 0}
  m_PrefabInstance: {fileID: 0}
  m_PrefabAsset: {fileID: 0}
  m_GameObject: {fileID: 8480315364752429401}
  m_LocalRotation: {x: -0.7087557, y: -0.043045208, z: 0.009529128, w: 0.70407516}
  m_LocalPosition: {x: -0.53337127, y: -0.004299011, z: -0.07458252}
  m_LocalScale: {x: 1.0000008, y: 1.0000005, z: 1.0000004}
  m_Children:
  - {fileID: 6964293598508154068}
  m_Father: {fileID: 2367448601217701966}
  m_RootOrder: 2
  m_LocalEulerAnglesHint: {x: 0, y: 0, z: 0}
--- !u!1 &8502608322403490831
GameObject:
  m_ObjectHideFlags: 0
  m_CorrespondingSourceObject: {fileID: 0}
  m_PrefabInstance: {fileID: 0}
  m_PrefabAsset: {fileID: 0}
  serializedVersion: 6
  m_Component:
  - component: {fileID: 9174194895917634678}
  m_Layer: 0
  m_Name: RArm_Thumb_Bn_03
  m_TagString: Untagged
  m_Icon: {fileID: 0}
  m_NavMeshLayer: 0
  m_StaticEditorFlags: 0
  m_IsActive: 1
--- !u!4 &9174194895917634678
Transform:
  m_ObjectHideFlags: 0
  m_CorrespondingSourceObject: {fileID: 0}
  m_PrefabInstance: {fileID: 0}
  m_PrefabAsset: {fileID: 0}
  m_GameObject: {fileID: 8502608322403490831}
  m_LocalRotation: {x: -0.000012543315, y: 0.0011813213, z: -0.01057386, w: 0.99994344}
  m_LocalPosition: {x: -0.15167694, y: -0.00000030517577, z: 0.00000061035155}
  m_LocalScale: {x: 1.0000001, y: 0.9999996, z: 1}
  m_Children:
  - {fileID: 4212425981330732913}
  m_Father: {fileID: 8669267604477730336}
  m_RootOrder: 0
  m_LocalEulerAnglesHint: {x: 0, y: 0, z: 0}
--- !u!1 &8628456992279871619
GameObject:
  m_ObjectHideFlags: 0
  m_CorrespondingSourceObject: {fileID: 0}
  m_PrefabInstance: {fileID: 0}
  m_PrefabAsset: {fileID: 0}
  serializedVersion: 6
  m_Component:
  - component: {fileID: 9145303295430162417}
  m_Layer: 0
  m_Name: RFoot_Toes1_Bn_01
  m_TagString: Untagged
  m_Icon: {fileID: 0}
  m_NavMeshLayer: 0
  m_StaticEditorFlags: 0
  m_IsActive: 1
--- !u!4 &9145303295430162417
Transform:
  m_ObjectHideFlags: 0
  m_CorrespondingSourceObject: {fileID: 0}
  m_PrefabInstance: {fileID: 0}
  m_PrefabAsset: {fileID: 0}
  m_GameObject: {fileID: 8628456992279871619}
  m_LocalRotation: {x: 0.016650159, y: 0.21195519, z: -0.025824608, w: 0.97679627}
  m_LocalPosition: {x: -0.2664965, y: 0.00000034332274, z: -0.000000114440915}
  m_LocalScale: {x: 0.9999999, y: 1.0000001, z: 1}
  m_Children:
  - {fileID: 4576535390658914187}
  - {fileID: 4214119582536771557}
  m_Father: {fileID: 9017535684311802220}
  m_RootOrder: 0
  m_LocalEulerAnglesHint: {x: 0, y: 0, z: 0}
--- !u!1 &8726584709708750608
GameObject:
  m_ObjectHideFlags: 0
  m_CorrespondingSourceObject: {fileID: 0}
  m_PrefabInstance: {fileID: 0}
  m_PrefabAsset: {fileID: 0}
  serializedVersion: 6
  m_Component:
  - component: {fileID: 676797767199905760}
  m_Layer: 0
  m_Name: LArm_Thumb_Be_01
  m_TagString: Untagged
  m_Icon: {fileID: 0}
  m_NavMeshLayer: 0
  m_StaticEditorFlags: 0
  m_IsActive: 1
--- !u!4 &676797767199905760
Transform:
  m_ObjectHideFlags: 0
  m_CorrespondingSourceObject: {fileID: 0}
  m_PrefabInstance: {fileID: 0}
  m_PrefabAsset: {fileID: 0}
  m_GameObject: {fileID: 8726584709708750608}
  m_LocalRotation: {x: -0.0000000065192585, y: -0.0000000037252907, z: 0.000000015599655,
    w: 1}
  m_LocalPosition: {x: -0.111968994, y: 0.00000015258789, z: 0}
  m_LocalScale: {x: 0.9999999, y: 0.9999999, z: 0.99999994}
  m_Children: []
  m_Father: {fileID: 59438092373521437}
  m_RootOrder: 0
  m_LocalEulerAnglesHint: {x: 0, y: 0, z: 0}
--- !u!1 &8972709984722459300
GameObject:
  m_ObjectHideFlags: 0
  m_CorrespondingSourceObject: {fileID: 0}
  m_PrefabInstance: {fileID: 0}
  m_PrefabAsset: {fileID: 0}
  serializedVersion: 6
  m_Component:
  - component: {fileID: 3550776165612055856}
  m_Layer: 0
  m_Name: RArm_Fing4_Bn_03
  m_TagString: Untagged
  m_Icon: {fileID: 0}
  m_NavMeshLayer: 0
  m_StaticEditorFlags: 0
  m_IsActive: 1
--- !u!4 &3550776165612055856
Transform:
  m_ObjectHideFlags: 0
  m_CorrespondingSourceObject: {fileID: 0}
  m_PrefabInstance: {fileID: 0}
  m_PrefabAsset: {fileID: 0}
  m_GameObject: {fileID: 8972709984722459300}
  m_LocalRotation: {x: -6.380897e-10, y: -0.000035215584, z: -0.004910687, w: 0.99998796}
  m_LocalPosition: {x: -0.11910797, y: 0.00000017166137, z: 0}
  m_LocalScale: {x: 1.0000002, y: 1.0000004, z: 1.0000001}
  m_Children:
  - {fileID: 3934285995297383135}
  m_Father: {fileID: 3468067882210759841}
  m_RootOrder: 0
  m_LocalEulerAnglesHint: {x: 0, y: 0, z: 0}
--- !u!1 &9023245603405815736
GameObject:
  m_ObjectHideFlags: 0
  m_CorrespondingSourceObject: {fileID: 0}
  m_PrefabInstance: {fileID: 0}
  m_PrefabAsset: {fileID: 0}
  serializedVersion: 6
  m_Component:
  - component: {fileID: 7317849994668214733}
  m_Layer: 0
  m_Name: RLeg_Upper_Bn_01
  m_TagString: Untagged
  m_Icon: {fileID: 0}
  m_NavMeshLayer: 0
  m_StaticEditorFlags: 0
  m_IsActive: 1
--- !u!4 &7317849994668214733
Transform:
  m_ObjectHideFlags: 0
  m_CorrespondingSourceObject: {fileID: 0}
  m_PrefabInstance: {fileID: 0}
  m_PrefabAsset: {fileID: 0}
  m_GameObject: {fileID: 9023245603405815736}
  m_LocalRotation: {x: 0.023312373, y: -0.36244437, z: 0.28396174, w: 0.8873874}
  m_LocalPosition: {x: -0.54616225, y: 0, z: -0.00000030517577}
  m_LocalScale: {x: 0.9999999, y: 1.0000004, z: 1.0000001}
  m_Children:
  - {fileID: 3605834240120595996}
  - {fileID: 1286073723587342984}
  m_Father: {fileID: 4908987062992129437}
  m_RootOrder: 0
  m_LocalEulerAnglesHint: {x: 0, y: 0, z: 0}
--- !u!1 &9033785497453934238
GameObject:
  m_ObjectHideFlags: 0
  m_CorrespondingSourceObject: {fileID: 0}
  m_PrefabInstance: {fileID: 0}
  m_PrefabAsset: {fileID: 0}
  serializedVersion: 6
  m_Component:
  - component: {fileID: 6871791120819658393}
  m_Layer: 0
  m_Name: Spine_Spine1_Bn_01
  m_TagString: Untagged
  m_Icon: {fileID: 0}
  m_NavMeshLayer: 0
  m_StaticEditorFlags: 0
  m_IsActive: 1
--- !u!4 &6871791120819658393
Transform:
  m_ObjectHideFlags: 0
  m_CorrespondingSourceObject: {fileID: 0}
  m_PrefabInstance: {fileID: 0}
  m_PrefabAsset: {fileID: 0}
  m_GameObject: {fileID: 9033785497453934238}
  m_LocalRotation: {x: -0.46397954, y: 0.5061075, z: -0.49980187, w: 0.52799267}
  m_LocalPosition: {x: -0.0000006866455, y: 3.6215038, z: 0.11764756}
  m_LocalScale: {x: 1.0000001, y: 1.0000004, z: 1}
  m_Children:
  - {fileID: 147765913280348208}
  m_Father: {fileID: 3526934323091045690}
  m_RootOrder: 5
  m_LocalEulerAnglesHint: {x: 0, y: 0, z: 0}
--- !u!1 &9044332210937244955
GameObject:
  m_ObjectHideFlags: 0
  m_CorrespondingSourceObject: {fileID: 0}
  m_PrefabInstance: {fileID: 0}
  m_PrefabAsset: {fileID: 0}
  serializedVersion: 6
  m_Component:
  - component: {fileID: 5800517572213690667}
  m_Layer: 0
  m_Name: LArm_Fing2_Bn_01
  m_TagString: Untagged
  m_Icon: {fileID: 0}
  m_NavMeshLayer: 0
  m_StaticEditorFlags: 0
  m_IsActive: 1
--- !u!4 &5800517572213690667
Transform:
  m_ObjectHideFlags: 0
  m_CorrespondingSourceObject: {fileID: 0}
  m_PrefabInstance: {fileID: 0}
  m_PrefabAsset: {fileID: 0}
  m_GameObject: {fileID: 9044332210937244955}
  m_LocalRotation: {x: -0.706414, y: 0.004143144, z: 0.057914663, w: 0.7054134}
  m_LocalPosition: {x: -0.5355472, y: -0.0036468506, z: 0.08437531}
  m_LocalScale: {x: 1.0000004, y: 1.0000002, z: 1.0000007}
  m_Children:
  - {fileID: 1601548417080711571}
  m_Father: {fileID: 2367448601217701966}
  m_RootOrder: 1
  m_LocalEulerAnglesHint: {x: 0, y: 0, z: 0}
--- !u!1 &9063369943356459526
GameObject:
  m_ObjectHideFlags: 0
  m_CorrespondingSourceObject: {fileID: 0}
  m_PrefabInstance: {fileID: 0}
  m_PrefabAsset: {fileID: 0}
  serializedVersion: 6
  m_Component:
  - component: {fileID: 2569491552532377510}
  m_Layer: 0
  m_Name: LLeg_KneeCap_Be_01
  m_TagString: Untagged
  m_Icon: {fileID: 0}
  m_NavMeshLayer: 0
  m_StaticEditorFlags: 0
  m_IsActive: 1
--- !u!4 &2569491552532377510
Transform:
  m_ObjectHideFlags: 0
  m_CorrespondingSourceObject: {fileID: 0}
  m_PrefabInstance: {fileID: 0}
  m_PrefabAsset: {fileID: 0}
  m_GameObject: {fileID: 9063369943356459526}
  m_LocalRotation: {x: -0.000013346709, y: 0.0000948683, z: -0.0000032620885, w: 1}
  m_LocalPosition: {x: -0.2195237, y: -0.00000015258789, z: 0.0000008392334}
  m_LocalScale: {x: 0.9999999, y: 0.9999999, z: 1}
  m_Children: []
  m_Father: {fileID: 954669473341713753}
  m_RootOrder: 0
  m_LocalEulerAnglesHint: {x: 0, y: 0, z: 0}
--- !u!1 &9073108032807390033
GameObject:
  m_ObjectHideFlags: 0
  m_CorrespondingSourceObject: {fileID: 0}
  m_PrefabInstance: {fileID: 0}
  m_PrefabAsset: {fileID: 0}
  serializedVersion: 6
  m_Component:
  - component: {fileID: 8327101464245395754}
  m_Layer: 0
  m_Name: LPelvis_Bn_01
  m_TagString: Untagged
  m_Icon: {fileID: 0}
  m_NavMeshLayer: 0
  m_StaticEditorFlags: 0
  m_IsActive: 1
--- !u!4 &8327101464245395754
Transform:
  m_ObjectHideFlags: 0
  m_CorrespondingSourceObject: {fileID: 0}
  m_PrefabInstance: {fileID: 0}
  m_PrefabAsset: {fileID: 0}
  m_GameObject: {fileID: 9073108032807390033}
  m_LocalRotation: {x: 0.34075537, y: 0.839287, z: 0.15937102, w: -0.3925354}
  m_LocalPosition: {x: 0.00000030517577, y: 0, z: 0.00000017166137}
  m_LocalScale: {x: 1.0000004, y: 0.9999998, z: 1}
  m_Children:
  - {fileID: 8437495659626499705}
  m_Father: {fileID: 2795279562641901037}
  m_RootOrder: 0
  m_LocalEulerAnglesHint: {x: 0, y: 0, z: 0}
--- !u!1 &9215060683146164052
GameObject:
  m_ObjectHideFlags: 0
  m_CorrespondingSourceObject: {fileID: 0}
  m_PrefabInstance: {fileID: 0}
  m_PrefabAsset: {fileID: 0}
  serializedVersion: 6
  m_Component:
  - component: {fileID: 7198569997368980932}
  m_Layer: 0
  m_Name: LArm_Fing3_Be_01
  m_TagString: Untagged
  m_Icon: {fileID: 0}
  m_NavMeshLayer: 0
  m_StaticEditorFlags: 0
  m_IsActive: 1
--- !u!4 &7198569997368980932
Transform:
  m_ObjectHideFlags: 0
  m_CorrespondingSourceObject: {fileID: 0}
  m_PrefabInstance: {fileID: 0}
  m_PrefabAsset: {fileID: 0}
  m_GameObject: {fileID: 9215060683146164052}
  m_LocalRotation: {x: 6.0715334e-18, y: -0.0000000037252907, z: 0.0000000016298146,
    w: 1}
  m_LocalPosition: {x: -0.09951446, y: -0.000000038146972, z: 0}
  m_LocalScale: {x: 0.99999994, y: 1, z: 1.0000001}
  m_Children: []
  m_Father: {fileID: 5135169704978853300}
  m_RootOrder: 0
  m_LocalEulerAnglesHint: {x: 0, y: 0, z: 0}
