%YAML 1.1
%TAG !u! tag:unity3d.com,2011:
--- !u!1 &60660733286685282
GameObject:
  m_ObjectHideFlags: 0
  m_CorrespondingSourceObject: {fileID: 0}
  m_PrefabInstance: {fileID: 0}
  m_PrefabAsset: {fileID: 0}
  serializedVersion: 6
  m_Component:
  - component: {fileID: 2808464464003596205}
  m_Layer: 0
  m_Name: LFoot_Toes2_Be_01
  m_TagString: Untagged
  m_Icon: {fileID: 0}
  m_NavMeshLayer: 0
  m_StaticEditorFlags: 0
  m_IsActive: 1
--- !u!4 &2808464464003596205
Transform:
  m_ObjectHideFlags: 0
  m_CorrespondingSourceObject: {fileID: 0}
  m_PrefabInstance: {fileID: 0}
  m_PrefabAsset: {fileID: 0}
  m_GameObject: {fileID: 60660733286685282}
  m_LocalRotation: {x: 0.0074023157, y: 0.058537446, z: 0.0050385655, w: 0.99824506}
  m_LocalPosition: {x: -0.2055065, y: 0.00000062465665, z: -0.00000034332274}
  m_LocalScale: {x: 0.99999994, y: 1.0000004, z: 1.0000002}
  m_Children: []
  m_Father: {fileID: 1419718304132027067}
  m_RootOrder: 0
  m_LocalEulerAnglesHint: {x: 0, y: 0, z: 0}
--- !u!1 &276712161481968325
GameObject:
  m_ObjectHideFlags: 0
  m_CorrespondingSourceObject: {fileID: 0}
  m_PrefabInstance: {fileID: 0}
  m_PrefabAsset: {fileID: 0}
  serializedVersion: 6
  m_Component:
  - component: {fileID: 4453304785329591531}
  m_Layer: 0
  m_Name: RLeg_KneeCap_Be_01
  m_TagString: Untagged
  m_Icon: {fileID: 0}
  m_NavMeshLayer: 0
  m_StaticEditorFlags: 0
  m_IsActive: 1
--- !u!4 &4453304785329591531
Transform:
  m_ObjectHideFlags: 0
  m_CorrespondingSourceObject: {fileID: 0}
  m_PrefabInstance: {fileID: 0}
  m_PrefabAsset: {fileID: 0}
  m_GameObject: {fileID: 276712161481968325}
  m_LocalRotation: {x: -0.00000022532895, y: -0.00008726239, z: 0.00007796287, w: 1}
  m_LocalPosition: {x: -0.21952301, y: 0.00000030517577, z: 0.0000009536743}
  m_LocalScale: {x: 0.9999999, y: 0.9999999, z: 0.99999994}
  m_Children: []
  m_Father: {fileID: 8524896376269015681}
  m_RootOrder: 0
  m_LocalEulerAnglesHint: {x: 0, y: 0, z: 0}
--- !u!1 &467681317529161335
GameObject:
  m_ObjectHideFlags: 0
  m_CorrespondingSourceObject: {fileID: 0}
  m_PrefabInstance: {fileID: 0}
  m_PrefabAsset: {fileID: 0}
  serializedVersion: 6
  m_Component:
  - component: {fileID: 4839866117876481379}
  m_Layer: 0
  m_Name: RArm_Fing3_Be_01
  m_TagString: Untagged
  m_Icon: {fileID: 0}
  m_NavMeshLayer: 0
  m_StaticEditorFlags: 0
  m_IsActive: 1
--- !u!4 &4839866117876481379
Transform:
  m_ObjectHideFlags: 0
  m_CorrespondingSourceObject: {fileID: 0}
  m_PrefabInstance: {fileID: 0}
  m_PrefabAsset: {fileID: 0}
  m_GameObject: {fileID: 467681317529161335}
  m_LocalRotation: {x: -3.5739653e-15, y: 0.000000007450582, z: 0.0000004796894, w: 1}
  m_LocalPosition: {x: -0.09951385, y: 0.000000076293944, z: 0}
  m_LocalScale: {x: 0.9999998, y: 0.9999999, z: 1}
  m_Children: []
  m_Father: {fileID: 8059068147701804306}
  m_RootOrder: 0
  m_LocalEulerAnglesHint: {x: 0, y: 0, z: 0}
--- !u!1 &487145042994218561
GameObject:
  m_ObjectHideFlags: 0
  m_CorrespondingSourceObject: {fileID: 0}
  m_PrefabInstance: {fileID: 0}
  m_PrefabAsset: {fileID: 0}
  serializedVersion: 6
  m_Component:
  - component: {fileID: 9015873136566591036}
  m_Layer: 0
  m_Name: LFoot_Heel_Bn_01
  m_TagString: Untagged
  m_Icon: {fileID: 0}
  m_NavMeshLayer: 0
  m_StaticEditorFlags: 0
  m_IsActive: 1
--- !u!4 &9015873136566591036
Transform:
  m_ObjectHideFlags: 0
  m_CorrespondingSourceObject: {fileID: 0}
  m_PrefabInstance: {fileID: 0}
  m_PrefabAsset: {fileID: 0}
  m_GameObject: {fileID: 487145042994218561}
  m_LocalRotation: {x: -0.021361435, y: 0.033127964, z: 0.6843553, w: 0.7280824}
  m_LocalPosition: {x: -1.5608795, y: 0.10766173, z: -0.00000057220456}
  m_LocalScale: {x: 0.99999994, y: 1.0000002, z: 1}
  m_Children:
  - {fileID: 5756425270779281426}
  m_Father: {fileID: 6481128050625154124}
  m_RootOrder: 0
  m_LocalEulerAnglesHint: {x: 0, y: 0, z: 0}
--- !u!1 &613880142797095146
GameObject:
  m_ObjectHideFlags: 0
  m_CorrespondingSourceObject: {fileID: 0}
  m_PrefabInstance: {fileID: 0}
  m_PrefabAsset: {fileID: 0}
  serializedVersion: 6
  m_Component:
  - component: {fileID: 5064301517149777069}
  m_Layer: 0
  m_Name: Spine_Spine1_Bn_02
  m_TagString: Untagged
  m_Icon: {fileID: 0}
  m_NavMeshLayer: 0
  m_StaticEditorFlags: 0
  m_IsActive: 1
--- !u!4 &5064301517149777069
Transform:
  m_ObjectHideFlags: 0
  m_CorrespondingSourceObject: {fileID: 0}
  m_PrefabInstance: {fileID: 0}
  m_PrefabAsset: {fileID: 0}
  m_GameObject: {fileID: 613880142797095146}
  m_LocalRotation: {x: -0.0000012112592, y: -0.00000013169995, z: -0.097854026, w: 0.9952008}
  m_LocalPosition: {x: -0.28264922, y: 0, z: 0.000000019073486}
  m_LocalScale: {x: 1, y: 0.99999994, z: 1}
  m_Children:
  - {fileID: 5950321042469767161}
  m_Father: {fileID: 1952726779188752900}
  m_RootOrder: 0
  m_LocalEulerAnglesHint: {x: 0, y: 0, z: 0}
--- !u!1 &615457531818518726
GameObject:
  m_ObjectHideFlags: 0
  m_CorrespondingSourceObject: {fileID: 0}
  m_PrefabInstance: {fileID: 0}
  m_PrefabAsset: {fileID: 0}
  serializedVersion: 6
  m_Component:
  - component: {fileID: 8857601792221204301}
  m_Layer: 0
  m_Name: LArm_Lower_Bn_01
  m_TagString: Untagged
  m_Icon: {fileID: 0}
  m_NavMeshLayer: 0
  m_StaticEditorFlags: 0
  m_IsActive: 1
--- !u!4 &8857601792221204301
Transform:
  m_ObjectHideFlags: 0
  m_CorrespondingSourceObject: {fileID: 0}
  m_PrefabInstance: {fileID: 0}
  m_PrefabAsset: {fileID: 0}
  m_GameObject: {fileID: 615457531818518726}
  m_LocalRotation: {x: 0.0024560052, y: -0.0002776448, z: -0.000052459534, w: 0.99999696}
  m_LocalPosition: {x: -1.2864128, y: -0.00000030517577, z: 0.000000333786}
  m_LocalScale: {x: 0.99999994, y: 0.9999996, z: 0.9999995}
  m_Children:
  - {fileID: 7250275060286502099}
  m_Father: {fileID: 3013873339233811965}
  m_RootOrder: 0
  m_LocalEulerAnglesHint: {x: 0, y: 0, z: 0}
--- !u!1 &783120097388340850
GameObject:
  m_ObjectHideFlags: 0
  m_CorrespondingSourceObject: {fileID: 0}
  m_PrefabInstance: {fileID: 0}
  m_PrefabAsset: {fileID: 0}
  serializedVersion: 6
  m_Component:
  - component: {fileID: 5950321042469767161}
  m_Layer: 0
  m_Name: Spine_Chest_Bn_01
  m_TagString: Untagged
  m_Icon: {fileID: 0}
  m_NavMeshLayer: 0
  m_StaticEditorFlags: 0
  m_IsActive: 1
--- !u!4 &5950321042469767161
Transform:
  m_ObjectHideFlags: 0
  m_CorrespondingSourceObject: {fileID: 0}
  m_PrefabInstance: {fileID: 0}
  m_PrefabAsset: {fileID: 0}
  m_GameObject: {fileID: 783120097388340850}
  m_LocalRotation: {x: -0.0000021480519, y: 0.00000001358466, z: -0.0063240505, w: 0.99998003}
  m_LocalPosition: {x: -0.5967862, y: 0.000000038146972, z: 0.0000000047683715}
  m_LocalScale: {x: 1.0000002, y: 1.0000004, z: 0.99999994}
  m_Children:
  - {fileID: 3013873339233811965}
  - {fileID: 3135883724410287975}
  - {fileID: 3361534930394004943}
  m_Father: {fileID: 5064301517149777069}
  m_RootOrder: 0
  m_LocalEulerAnglesHint: {x: 0, y: 0, z: 0}
--- !u!1 &877089722878187776
GameObject:
  m_ObjectHideFlags: 0
  m_CorrespondingSourceObject: {fileID: 0}
  m_PrefabInstance: {fileID: 0}
  m_PrefabAsset: {fileID: 0}
  serializedVersion: 6
  m_Component:
  - component: {fileID: 4553934683299062120}
  m_Layer: 0
  m_Name: Pelvis_Ctrl
  m_TagString: Untagged
  m_Icon: {fileID: 0}
  m_NavMeshLayer: 0
  m_StaticEditorFlags: 0
  m_IsActive: 1
--- !u!4 &4553934683299062120
Transform:
  m_ObjectHideFlags: 0
  m_CorrespondingSourceObject: {fileID: 0}
  m_PrefabInstance: {fileID: 0}
  m_PrefabAsset: {fileID: 0}
  m_GameObject: {fileID: 877089722878187776}
  m_LocalRotation: {x: -0.4275409, y: 0.56321234, z: -0.4275409, w: 0.56321347}
  m_LocalPosition: {x: -0, y: 3.1999998, z: 0.0000017547607}
  m_LocalScale: {x: 1, y: 1, z: 1}
  m_Children:
  - {fileID: 7101658495778138480}
  m_Father: {fileID: 8410132700080034215}
  m_RootOrder: 0
  m_LocalEulerAnglesHint: {x: 0, y: 0, z: 0}
--- !u!1 &1184943604178874082
GameObject:
  m_ObjectHideFlags: 0
  m_CorrespondingSourceObject: {fileID: 0}
  m_PrefabInstance: {fileID: 0}
  m_PrefabAsset: {fileID: 0}
  serializedVersion: 6
  m_Component:
  - component: {fileID: 4470760818403144867}
  m_Layer: 0
  m_Name: Head_Head01_Be_01
  m_TagString: Untagged
  m_Icon: {fileID: 0}
  m_NavMeshLayer: 0
  m_StaticEditorFlags: 0
  m_IsActive: 1
--- !u!4 &4470760818403144867
Transform:
  m_ObjectHideFlags: 0
  m_CorrespondingSourceObject: {fileID: 0}
  m_PrefabInstance: {fileID: 0}
  m_PrefabAsset: {fileID: 0}
  m_GameObject: {fileID: 1184943604178874082}
  m_LocalRotation: {x: -0.0000004768372, y: 0.00000047474177, z: -0.00000007450559,
    w: 1}
  m_LocalPosition: {x: -0.82345515, y: -0.00000030517577, z: 0}
  m_LocalScale: {x: 0.9999999, y: 0.9999998, z: 0.9999999}
  m_Children: []
  m_Father: {fileID: 472828394630794884}
  m_RootOrder: 0
  m_LocalEulerAnglesHint: {x: 0, y: 0, z: 0}
--- !u!1 &1523945430611286829
GameObject:
  m_ObjectHideFlags: 0
  m_CorrespondingSourceObject: {fileID: 0}
  m_PrefabInstance: {fileID: 0}
  m_PrefabAsset: {fileID: 0}
  serializedVersion: 6
  m_Component:
  - component: {fileID: 7727946352460996720}
  m_Layer: 0
  m_Name: LArm_Fing2_Be_01
  m_TagString: Untagged
  m_Icon: {fileID: 0}
  m_NavMeshLayer: 0
  m_StaticEditorFlags: 0
  m_IsActive: 1
--- !u!4 &7727946352460996720
Transform:
  m_ObjectHideFlags: 0
  m_CorrespondingSourceObject: {fileID: 0}
  m_PrefabInstance: {fileID: 0}
  m_PrefabAsset: {fileID: 0}
  m_GameObject: {fileID: 1523945430611286829}
  m_LocalRotation: {x: 5.6378496e-18, y: -0.0000000037252899, z: 0.000000001513399,
    w: 1}
  m_LocalPosition: {x: -0.13313964, y: -0.00000032424927, z: 0}
  m_LocalScale: {x: 1.0000001, y: 1.0000001, z: 1.0000001}
  m_Children: []
  m_Father: {fileID: 658556751195347685}
  m_RootOrder: 0
  m_LocalEulerAnglesHint: {x: 0, y: 0, z: 0}
--- !u!1 &1697539562273431402
GameObject:
  m_ObjectHideFlags: 0
  m_CorrespondingSourceObject: {fileID: 0}
  m_PrefabInstance: {fileID: 0}
  m_PrefabAsset: {fileID: 0}
  serializedVersion: 6
  m_Component:
  - component: {fileID: 8410132700080034215}
  m_Layer: 0
  m_Name: Root
  m_TagString: Untagged
  m_Icon: {fileID: 0}
  m_NavMeshLayer: 0
  m_StaticEditorFlags: 0
  m_IsActive: 1
--- !u!4 &8410132700080034215
Transform:
  m_ObjectHideFlags: 0
  m_CorrespondingSourceObject: {fileID: 0}
  m_PrefabInstance: {fileID: 0}
  m_PrefabAsset: {fileID: 0}
  m_GameObject: {fileID: 1697539562273431402}
  m_LocalRotation: {x: 0, y: -0, z: -0, w: 1}
  m_LocalPosition: {x: -0, y: 0, z: 0}
  m_LocalScale: {x: 1, y: 1, z: 1}
  m_Children:
  - {fileID: 4553934683299062120}
  m_Father: {fileID: 6735901221013902535}
  m_RootOrder: 3
  m_LocalEulerAnglesHint: {x: 0, y: 0, z: 0}
--- !u!1 &1831104514637357831
GameObject:
  m_ObjectHideFlags: 0
  m_CorrespondingSourceObject: {fileID: 0}
  m_PrefabInstance: {fileID: 0}
  m_PrefabAsset: {fileID: 0}
  serializedVersion: 6
  m_Component:
  - component: {fileID: 4394987846896222008}
  m_Layer: 0
  m_Name: RArm_Fing1_Be_01
  m_TagString: Untagged
  m_Icon: {fileID: 0}
  m_NavMeshLayer: 0
  m_StaticEditorFlags: 0
  m_IsActive: 1
--- !u!4 &4394987846896222008
Transform:
  m_ObjectHideFlags: 0
  m_CorrespondingSourceObject: {fileID: 0}
  m_PrefabInstance: {fileID: 0}
  m_PrefabAsset: {fileID: 0}
  m_GameObject: {fileID: 1831104514637357831}
  m_LocalRotation: {x: -1.582411e-13, y: -0.0000007385388, z: -0.0000002142624, w: 1}
  m_LocalPosition: {x: -0.111693725, y: -0.000000038146972, z: -0.00000061035155}
  m_LocalScale: {x: 1, y: 0.99999994, z: 0.99999994}
  m_Children: []
  m_Father: {fileID: 272205868967043083}
  m_RootOrder: 0
  m_LocalEulerAnglesHint: {x: 0, y: 0, z: 0}
--- !u!1 &2094386728174680378
GameObject:
  m_ObjectHideFlags: 0
  m_CorrespondingSourceObject: {fileID: 0}
  m_PrefabInstance: {fileID: 0}
  m_PrefabAsset: {fileID: 0}
  serializedVersion: 6
  m_Component:
  - component: {fileID: 2634262835970923560}
  - component: {fileID: 5468475272305389705}
  m_Layer: 0
  m_Name: LLeg_01
  m_TagString: Untagged
  m_Icon: {fileID: 0}
  m_NavMeshLayer: 0
  m_StaticEditorFlags: 0
  m_IsActive: 1
--- !u!4 &2634262835970923560
Transform:
  m_ObjectHideFlags: 0
  m_CorrespondingSourceObject: {fileID: 0}
  m_PrefabInstance: {fileID: 0}
  m_PrefabAsset: {fileID: 0}
  m_GameObject: {fileID: 2094386728174680378}
  m_LocalRotation: {x: -0.7071068, y: 0, z: -0, w: 0.7071068}
  m_LocalPosition: {x: 0.0035667573, y: -0.362341, z: 0.76066893}
  m_LocalScale: {x: 1, y: 1, z: 1}
  m_Children: []
  m_Father: {fileID: 6735901221013902535}
  m_RootOrder: 0
  m_LocalEulerAnglesHint: {x: 0, y: 0, z: 0}
--- !u!137 &5468475272305389705
SkinnedMeshRenderer:
  m_ObjectHideFlags: 0
  m_CorrespondingSourceObject: {fileID: 0}
  m_PrefabInstance: {fileID: 0}
  m_PrefabAsset: {fileID: 0}
  m_GameObject: {fileID: 2094386728174680378}
  m_Enabled: 1
  m_CastShadows: 1
  m_ReceiveShadows: 1
  m_DynamicOccludee: 1
  m_MotionVectors: 1
  m_LightProbeUsage: 1
  m_ReflectionProbeUsage: 1
  m_RayTracingMode: 0
  m_RenderingLayerMask: 1
  m_RendererPriority: 0
  m_Materials:
  - {fileID: 2100000, guid: d67208b915e52384a9e7db39cbfbbad0, type: 2}
  m_StaticBatchInfo:
    firstSubMesh: 0
    subMeshCount: 0
  m_StaticBatchRoot: {fileID: 0}
  m_ProbeAnchor: {fileID: 0}
  m_LightProbeVolumeOverride: {fileID: 0}
  m_ScaleInLightmap: 1
  m_ReceiveGI: 1
  m_PreserveUVs: 0
  m_IgnoreNormalsForChartDetection: 0
  m_ImportantGI: 0
  m_StitchLightmapSeams: 1
  m_SelectedEditorRenderState: 3
  m_MinimumChartSize: 4
  m_AutoUVMaxDistance: 0.5
  m_AutoUVMaxAngle: 89
  m_LightmapParameters: {fileID: 0}
  m_SortingLayerID: 0
  m_SortingLayer: 0
  m_SortingOrder: 0
  serializedVersion: 2
  m_Quality: 0
  m_UpdateWhenOffscreen: 0
  m_SkinnedMotionVectors: 1
  m_Mesh: {fileID: -6709433407066401851, guid: cac5fe9c20773f449a0c3b0ea0241685, type: 3}
  m_Bones:
  - {fileID: 3556993422728602340}
  - {fileID: 5294915837933814212}
  - {fileID: 4020366040367680951}
  - {fileID: 6481128050625154124}
  - {fileID: 5756425270779281426}
  - {fileID: 9015873136566591036}
  - {fileID: 5317236486194443119}
  - {fileID: 1161880133883974150}
  - {fileID: 1419718304132027067}
  - {fileID: 4680840799664895893}
  - {fileID: 2808464464003596205}
  - {fileID: 7488450171355562811}
  m_BlendShapeWeights: []
  m_RootBone: {fileID: 4020366040367680951}
  m_AABB:
    m_Center: {x: -1.4547553, y: 0.7003497, z: -1.0324914}
    m_Extent: {x: 1.134475, y: 0.8473395, z: 1.2436073}
  m_DirtyAABB: 0
--- !u!1 &2103165907287775516
GameObject:
  m_ObjectHideFlags: 0
  m_CorrespondingSourceObject: {fileID: 0}
  m_PrefabInstance: {fileID: 0}
  m_PrefabAsset: {fileID: 0}
  serializedVersion: 6
  m_Component:
  - component: {fileID: 8276947001307631170}
  m_Layer: 0
  m_Name: RArm_Fing4_Be_01
  m_TagString: Untagged
  m_Icon: {fileID: 0}
  m_NavMeshLayer: 0
  m_StaticEditorFlags: 0
  m_IsActive: 1
--- !u!4 &8276947001307631170
Transform:
  m_ObjectHideFlags: 0
  m_CorrespondingSourceObject: {fileID: 0}
  m_PrefabInstance: {fileID: 0}
  m_PrefabAsset: {fileID: 0}
  m_GameObject: {fileID: 2103165907287775516}
  m_LocalRotation: {x: 9.320846e-10, y: -0.0000015944248, z: 0.0000004778268, w: 1}
  m_LocalPosition: {x: -0.115989685, y: 0.000000009536743, z: 0}
  m_LocalScale: {x: 0.9999997, y: 0.9999998, z: 0.99999994}
  m_Children: []
  m_Father: {fileID: 8431335714618687917}
  m_RootOrder: 0
  m_LocalEulerAnglesHint: {x: 0, y: 0, z: 0}
--- !u!1 &2103936733964299567
GameObject:
  m_ObjectHideFlags: 0
  m_CorrespondingSourceObject: {fileID: 0}
  m_PrefabInstance: {fileID: 0}
  m_PrefabAsset: {fileID: 0}
  serializedVersion: 6
  m_Component:
  - component: {fileID: 3804310631039918085}
  m_Layer: 0
  m_Name: LArm_Fing4_Be_01
  m_TagString: Untagged
  m_Icon: {fileID: 0}
  m_NavMeshLayer: 0
  m_StaticEditorFlags: 0
  m_IsActive: 1
--- !u!4 &3804310631039918085
Transform:
  m_ObjectHideFlags: 0
  m_CorrespondingSourceObject: {fileID: 0}
  m_PrefabInstance: {fileID: 0}
  m_PrefabAsset: {fileID: 0}
  m_GameObject: {fileID: 2103936733964299567}
  m_LocalRotation: {x: 2.7321896e-17, y: -0.000000011175871, z: 0.000000002444722,
    w: 1}
  m_LocalPosition: {x: -0.11598938, y: -0.00000015258789, z: 0}
  m_LocalScale: {x: 1, y: 1, z: 1}
  m_Children: []
  m_Father: {fileID: 2609035235603035923}
  m_RootOrder: 0
  m_LocalEulerAnglesHint: {x: 0, y: 0, z: 0}
--- !u!1 &2142818006593554785
GameObject:
  m_ObjectHideFlags: 0
  m_CorrespondingSourceObject: {fileID: 0}
  m_PrefabInstance: {fileID: 0}
  m_PrefabAsset: {fileID: 0}
  serializedVersion: 6
  m_Component:
  - component: {fileID: 3135883724410287975}
  m_Layer: 0
  m_Name: RArm_Upper_Bn_01
  m_TagString: Untagged
  m_Icon: {fileID: 0}
  m_NavMeshLayer: 0
  m_StaticEditorFlags: 0
  m_IsActive: 1
--- !u!4 &3135883724410287975
Transform:
  m_ObjectHideFlags: 0
  m_CorrespondingSourceObject: {fileID: 0}
  m_PrefabInstance: {fileID: 0}
  m_PrefabAsset: {fileID: 0}
  m_GameObject: {fileID: 2142818006593554785}
  m_LocalRotation: {x: 0.42443767, y: 0.48799542, z: -0.4885171, w: 0.58571684}
  m_LocalPosition: {x: -0.5190774, y: -0.28015646, z: 0.94478923}
  m_LocalScale: {x: 1.0000001, y: 0.9999997, z: 0.99999946}
  m_Children:
  - {fileID: 4760413133796967158}
  m_Father: {fileID: 5950321042469767161}
  m_RootOrder: 1
  m_LocalEulerAnglesHint: {x: 0, y: 0, z: 0}
--- !u!1 &2523738075847212971
GameObject:
  m_ObjectHideFlags: 0
  m_CorrespondingSourceObject: {fileID: 0}
  m_PrefabInstance: {fileID: 0}
  m_PrefabAsset: {fileID: 0}
  serializedVersion: 6
  m_Component:
  - component: {fileID: 8524896376269015681}
  m_Layer: 0
  m_Name: RLeg_KneeCap_Bn_01
  m_TagString: Untagged
  m_Icon: {fileID: 0}
  m_NavMeshLayer: 0
  m_StaticEditorFlags: 0
  m_IsActive: 1
--- !u!4 &8524896376269015681
Transform:
  m_ObjectHideFlags: 0
  m_CorrespondingSourceObject: {fileID: 0}
  m_PrefabInstance: {fileID: 0}
  m_PrefabAsset: {fileID: 0}
  m_GameObject: {fileID: 2523738075847212971}
  m_LocalRotation: {x: -0.000011990479, y: 0.000012458197, z: -0.36897883, w: 0.9294378}
  m_LocalPosition: {x: -1.0843364, y: 0.0004340744, z: 0.000021858215}
  m_LocalScale: {x: 1, y: 0.99999994, z: 0.99999994}
  m_Children:
  - {fileID: 4453304785329591531}
  m_Father: {fileID: 2434972924258067792}
  m_RootOrder: 0
  m_LocalEulerAnglesHint: {x: 0, y: 0, z: 0}
--- !u!1 &2544901044325103171
GameObject:
  m_ObjectHideFlags: 0
  m_CorrespondingSourceObject: {fileID: 0}
  m_PrefabInstance: {fileID: 0}
  m_PrefabAsset: {fileID: 0}
  serializedVersion: 6
  m_Component:
  - component: {fileID: 3013873339233811965}
  m_Layer: 0
  m_Name: LArm_Upper_Bn_01
  m_TagString: Untagged
  m_Icon: {fileID: 0}
  m_NavMeshLayer: 0
  m_StaticEditorFlags: 0
  m_IsActive: 1
--- !u!4 &3013873339233811965
Transform:
  m_ObjectHideFlags: 0
  m_CorrespondingSourceObject: {fileID: 0}
  m_PrefabInstance: {fileID: 0}
  m_PrefabAsset: {fileID: 0}
  m_GameObject: {fileID: 2544901044325103171}
  m_LocalRotation: {x: 0.5048291, y: -0.44660875, z: 0.571386, w: 0.46819472}
  m_LocalPosition: {x: -0.51907897, y: -0.28014174, z: -0.9447943}
  m_LocalScale: {x: 1, y: 0.99999976, z: 0.9999995}
  m_Children:
  - {fileID: 8857601792221204301}
  m_Father: {fileID: 5950321042469767161}
  m_RootOrder: 0
  m_LocalEulerAnglesHint: {x: 0, y: 0, z: 0}
--- !u!1 &2583332392055284660
GameObject:
  m_ObjectHideFlags: 0
  m_CorrespondingSourceObject: {fileID: 0}
  m_PrefabInstance: {fileID: 0}
  m_PrefabAsset: {fileID: 0}
  serializedVersion: 6
  m_Component:
  - component: {fileID: 3556993422728602340}
  m_Layer: 0
  m_Name: LLeg_Upper_Bn_01
  m_TagString: Untagged
  m_Icon: {fileID: 0}
  m_NavMeshLayer: 0
  m_StaticEditorFlags: 0
  m_IsActive: 1
--- !u!4 &3556993422728602340
Transform:
  m_ObjectHideFlags: 0
  m_CorrespondingSourceObject: {fileID: 0}
  m_PrefabInstance: {fileID: 0}
  m_PrefabAsset: {fileID: 0}
  m_GameObject: {fileID: 2583332392055284660}
  m_LocalRotation: {x: 0.037193015, y: -0.40300697, z: -0.25142303, w: 0.87919766}
  m_LocalPosition: {x: -0.54616225, y: -0.00000015258789, z: -0.00000030517577}
  m_LocalScale: {x: 1, y: 1.0000002, z: 1.0000001}
  m_Children:
  - {fileID: 5294915837933814212}
  - {fileID: 6481128050625154124}
  m_Father: {fileID: 4020366040367680951}
  m_RootOrder: 0
  m_LocalEulerAnglesHint: {x: 0, y: 0, z: 0}
--- !u!1 &2608802508547775759
GameObject:
  m_ObjectHideFlags: 0
  m_CorrespondingSourceObject: {fileID: 0}
  m_PrefabInstance: {fileID: 0}
  m_PrefabAsset: {fileID: 0}
  serializedVersion: 6
  m_Component:
  - component: {fileID: 8202407999497444778}
  m_Layer: 0
  m_Name: RArm_Fing3_Bn_02
  m_TagString: Untagged
  m_Icon: {fileID: 0}
  m_NavMeshLayer: 0
  m_StaticEditorFlags: 0
  m_IsActive: 1
--- !u!4 &8202407999497444778
Transform:
  m_ObjectHideFlags: 0
  m_CorrespondingSourceObject: {fileID: 0}
  m_PrefabInstance: {fileID: 0}
  m_PrefabAsset: {fileID: 0}
  m_GameObject: {fileID: 2608802508547775759}
  m_LocalRotation: {x: -0.00012615047, y: -0.006640819, z: -0.0025533352, w: 0.9999747}
  m_LocalPosition: {x: -0.2658548, y: -0.00000019073485, z: 0}
  m_LocalScale: {x: 1.0000004, y: 1.0000002, z: 1.0000005}
  m_Children:
  - {fileID: 8059068147701804306}
  m_Father: {fileID: 8904235922422633651}
  m_RootOrder: 0
  m_LocalEulerAnglesHint: {x: 0, y: 0, z: 0}
--- !u!1 &2656694648678416245
GameObject:
  m_ObjectHideFlags: 0
  m_CorrespondingSourceObject: {fileID: 0}
  m_PrefabInstance: {fileID: 0}
  m_PrefabAsset: {fileID: 0}
  serializedVersion: 6
  m_Component:
  - component: {fileID: 8904235922422633651}
  m_Layer: 0
  m_Name: RArm_Fing3_Bn_01
  m_TagString: Untagged
  m_Icon: {fileID: 0}
  m_NavMeshLayer: 0
  m_StaticEditorFlags: 0
  m_IsActive: 1
--- !u!4 &8904235922422633651
Transform:
  m_ObjectHideFlags: 0
  m_CorrespondingSourceObject: {fileID: 0}
  m_PrefabInstance: {fileID: 0}
  m_PrefabAsset: {fileID: 0}
  m_GameObject: {fileID: 2656694648678416245}
  m_LocalRotation: {x: 0.70875555, y: -0.043045014, z: -0.0095289545, w: 0.7040753}
  m_LocalPosition: {x: -0.53337127, y: 0.004299011, z: -0.074581906}
  m_LocalScale: {x: 0.9999995, y: 0.9999995, z: 0.99999976}
  m_Children:
  - {fileID: 8202407999497444778}
  m_Father: {fileID: 1810526435233346639}
  m_RootOrder: 2
  m_LocalEulerAnglesHint: {x: 0, y: 0, z: 0}
--- !u!1 &2663051935412747384
GameObject:
  m_ObjectHideFlags: 0
  m_CorrespondingSourceObject: {fileID: 0}
  m_PrefabInstance: {fileID: 0}
  m_PrefabAsset: {fileID: 0}
  serializedVersion: 6
  m_Component:
  - component: {fileID: 658556751195347685}
  m_Layer: 0
  m_Name: LArm_Fing2_Bn_03
  m_TagString: Untagged
  m_Icon: {fileID: 0}
  m_NavMeshLayer: 0
  m_StaticEditorFlags: 0
  m_IsActive: 1
--- !u!4 &658556751195347685
Transform:
  m_ObjectHideFlags: 0
  m_CorrespondingSourceObject: {fileID: 0}
  m_PrefabInstance: {fileID: 0}
  m_PrefabAsset: {fileID: 0}
  m_GameObject: {fileID: 2663051935412747384}
  m_LocalRotation: {x: 0.00000006879737, y: 0.000020991898, z: -0.0032773118, w: 0.99999464}
  m_LocalPosition: {x: -0.16717651, y: -0.000000028610229, z: 0}
  m_LocalScale: {x: 1, y: 0.99999994, z: 1}
  m_Children:
  - {fileID: 7727946352460996720}
  m_Father: {fileID: 5943956533799613710}
  m_RootOrder: 0
  m_LocalEulerAnglesHint: {x: 0, y: 0, z: 0}
--- !u!1 &2987545469244463105
GameObject:
  m_ObjectHideFlags: 0
  m_CorrespondingSourceObject: {fileID: 0}
  m_PrefabInstance: {fileID: 0}
  m_PrefabAsset: {fileID: 0}
  serializedVersion: 6
  m_Component:
  - component: {fileID: 1419718304132027067}
  m_Layer: 0
  m_Name: LFoot_Toes2l_Bn_01
  m_TagString: Untagged
  m_Icon: {fileID: 0}
  m_NavMeshLayer: 0
  m_StaticEditorFlags: 0
  m_IsActive: 1
--- !u!4 &1419718304132027067
Transform:
  m_ObjectHideFlags: 0
  m_CorrespondingSourceObject: {fileID: 0}
  m_PrefabInstance: {fileID: 0}
  m_PrefabAsset: {fileID: 0}
  m_GameObject: {fileID: 2987545469244463105}
  m_LocalRotation: {x: 0.0014737031, y: -0.14630954, z: -0.008158507, w: 0.98920417}
  m_LocalPosition: {x: -0.24652065, y: -0.00049694534, z: -0.000016784668}
  m_LocalScale: {x: 0.99999976, y: 0.99999976, z: 0.9999997}
  m_Children:
  - {fileID: 2808464464003596205}
  m_Father: {fileID: 5756425270779281426}
  m_RootOrder: 1
  m_LocalEulerAnglesHint: {x: 0, y: 0, z: 0}
--- !u!1 &3006403339128072832
GameObject:
  m_ObjectHideFlags: 0
  m_CorrespondingSourceObject: {fileID: 0}
  m_PrefabInstance: {fileID: 0}
  m_PrefabAsset: {fileID: 0}
  serializedVersion: 6
  m_Component:
  - component: {fileID: 3246344877675438246}
  m_Layer: 0
  m_Name: LArm_Fing4_Bn_01
  m_TagString: Untagged
  m_Icon: {fileID: 0}
  m_NavMeshLayer: 0
  m_StaticEditorFlags: 0
  m_IsActive: 1
--- !u!4 &3246344877675438246
Transform:
  m_ObjectHideFlags: 0
  m_CorrespondingSourceObject: {fileID: 0}
  m_PrefabInstance: {fileID: 0}
  m_PrefabAsset: {fileID: 0}
  m_GameObject: {fileID: 3006403339128072832}
  m_LocalRotation: {x: -0.7087134, y: -0.05235658, z: -0.000275011, w: 0.70355105}
  m_LocalPosition: {x: -0.49362335, y: -0.0045916745, z: -0.22763197}
  m_LocalScale: {x: 1.0000006, y: 1.0000005, z: 1.0000004}
  m_Children:
  - {fileID: 2526047059577013508}
  m_Father: {fileID: 7250275060286502099}
  m_RootOrder: 3
  m_LocalEulerAnglesHint: {x: 0, y: 0, z: 0}
--- !u!1 &3024535010162768907
GameObject:
  m_ObjectHideFlags: 0
  m_CorrespondingSourceObject: {fileID: 0}
  m_PrefabInstance: {fileID: 0}
  m_PrefabAsset: {fileID: 0}
  serializedVersion: 6
  m_Component:
  - component: {fileID: 8059068147701804306}
  m_Layer: 0
  m_Name: RArm_Fing3_Bn_03
  m_TagString: Untagged
  m_Icon: {fileID: 0}
  m_NavMeshLayer: 0
  m_StaticEditorFlags: 0
  m_IsActive: 1
--- !u!4 &8059068147701804306
Transform:
  m_ObjectHideFlags: 0
  m_CorrespondingSourceObject: {fileID: 0}
  m_PrefabInstance: {fileID: 0}
  m_PrefabAsset: {fileID: 0}
  m_GameObject: {fileID: 3024535010162768907}
  m_LocalRotation: {x: 0.00000005446053, y: -0.000000041623885, z: -0.0118027935,
    w: 0.9999304}
  m_LocalPosition: {x: -0.14440796, y: 0, z: -0.00000061035155}
  m_LocalScale: {x: 0.99999994, y: 1.0000004, z: 1}
  m_Children:
  - {fileID: 4839866117876481379}
  m_Father: {fileID: 8202407999497444778}
  m_RootOrder: 0
  m_LocalEulerAnglesHint: {x: 0, y: 0, z: 0}
--- !u!1 &3143189815652879093
GameObject:
  m_ObjectHideFlags: 0
  m_CorrespondingSourceObject: {fileID: 0}
  m_PrefabInstance: {fileID: 0}
  m_PrefabAsset: {fileID: 0}
  serializedVersion: 6
  m_Component:
  - component: {fileID: 8919349950214163222}
  m_Layer: 0
  m_Name: RFoot_BigToe_Bn_01
  m_TagString: Untagged
  m_Icon: {fileID: 0}
  m_NavMeshLayer: 0
  m_StaticEditorFlags: 0
  m_IsActive: 1
--- !u!4 &8919349950214163222
Transform:
  m_ObjectHideFlags: 0
  m_CorrespondingSourceObject: {fileID: 0}
  m_PrefabInstance: {fileID: 0}
  m_PrefabAsset: {fileID: 0}
  m_GameObject: {fileID: 3143189815652879093}
  m_LocalRotation: {x: -0.6847189, y: -0.17690206, z: -0.18121527, w: 0.68339354}
  m_LocalPosition: {x: -0.18978095, y: -0.0008899688, z: -0.25449097}
  m_LocalScale: {x: 1, y: 0.9999995, z: 0.9999997}
  m_Children:
  - {fileID: 8495666045633823568}
  m_Father: {fileID: 4228422455569505132}
  m_RootOrder: 0
  m_LocalEulerAnglesHint: {x: 0, y: 0, z: 0}
--- !u!1 &3143245937038666371
GameObject:
  m_ObjectHideFlags: 0
  m_CorrespondingSourceObject: {fileID: 0}
  m_PrefabInstance: {fileID: 0}
  m_PrefabAsset: {fileID: 0}
  serializedVersion: 6
  m_Component:
  - component: {fileID: 8495666045633823568}
  m_Layer: 0
  m_Name: RFoot_BigToe_Be_01
  m_TagString: Untagged
  m_Icon: {fileID: 0}
  m_NavMeshLayer: 0
  m_StaticEditorFlags: 0
  m_IsActive: 1
--- !u!4 &8495666045633823568
Transform:
  m_ObjectHideFlags: 0
  m_CorrespondingSourceObject: {fileID: 0}
  m_PrefabInstance: {fileID: 0}
  m_PrefabAsset: {fileID: 0}
  m_GameObject: {fileID: 3143245937038666371}
  m_LocalRotation: {x: -0.0000007161912, y: -0.0000050528893, z: -0.0000008414553,
    w: 1}
  m_LocalPosition: {x: -0.17729133, y: -0.000000095367426, z: -0.00000030517577}
  m_LocalScale: {x: 1.0000001, y: 1.0000001, z: 1}
  m_Children: []
  m_Father: {fileID: 8919349950214163222}
  m_RootOrder: 0
  m_LocalEulerAnglesHint: {x: 0, y: 0, z: 0}
--- !u!1 &3159782665062455317
GameObject:
  m_ObjectHideFlags: 0
  m_CorrespondingSourceObject: {fileID: 0}
  m_PrefabInstance: {fileID: 0}
  m_PrefabAsset: {fileID: 0}
  serializedVersion: 6
  m_Component:
  - component: {fileID: 4562761102005249247}
  m_Layer: 0
  m_Name: LArm_Thumb_Bn_02
  m_TagString: Untagged
  m_Icon: {fileID: 0}
  m_NavMeshLayer: 0
  m_StaticEditorFlags: 0
  m_IsActive: 1
--- !u!4 &4562761102005249247
Transform:
  m_ObjectHideFlags: 0
  m_CorrespondingSourceObject: {fileID: 0}
  m_PrefabInstance: {fileID: 0}
  m_PrefabAsset: {fileID: 0}
  m_GameObject: {fileID: 3159782665062455317}
  m_LocalRotation: {x: -0.000014646631, y: -0.0019086803, z: -0.03190262, w: 0.9994892}
  m_LocalPosition: {x: -0.2369931, y: 0.00000030517577, z: -0.00000061035155}
  m_LocalScale: {x: 0.9999997, y: 0.9999998, z: 0.99999994}
  m_Children:
  - {fileID: 4942649550081841280}
  m_Father: {fileID: 552347947575487253}
  m_RootOrder: 0
  m_LocalEulerAnglesHint: {x: 0, y: 0, z: 0}
--- !u!1 &3187132997439804752
GameObject:
  m_ObjectHideFlags: 0
  m_CorrespondingSourceObject: {fileID: 0}
  m_PrefabInstance: {fileID: 0}
  m_PrefabAsset: {fileID: 0}
  serializedVersion: 6
  m_Component:
  - component: {fileID: 6039285048884474546}
  m_Layer: 0
  m_Name: RArm_Fing2_Bn_01
  m_TagString: Untagged
  m_Icon: {fileID: 0}
  m_NavMeshLayer: 0
  m_StaticEditorFlags: 0
  m_IsActive: 1
--- !u!4 &6039285048884474546
Transform:
  m_ObjectHideFlags: 0
  m_CorrespondingSourceObject: {fileID: 0}
  m_PrefabInstance: {fileID: 0}
  m_PrefabAsset: {fileID: 0}
  m_GameObject: {fileID: 3187132997439804752}
  m_LocalRotation: {x: 0.70641404, y: 0.004143145, z: -0.057914678, w: 0.7054133}
  m_LocalPosition: {x: -0.53554684, y: 0.0036468506, z: 0.08437576}
  m_LocalScale: {x: 0.99999976, y: 0.9999997, z: 0.99999994}
  m_Children:
  - {fileID: 3877826542720378970}
  m_Father: {fileID: 1810526435233346639}
  m_RootOrder: 1
  m_LocalEulerAnglesHint: {x: 0, y: 0, z: 0}
--- !u!1 &3258347692743916089
GameObject:
  m_ObjectHideFlags: 0
  m_CorrespondingSourceObject: {fileID: 0}
  m_PrefabInstance: {fileID: 0}
  m_PrefabAsset: {fileID: 0}
  serializedVersion: 6
  m_Component:
  - component: {fileID: 3877826542720378970}
  m_Layer: 0
  m_Name: RArm_Fing2_Bn_02
  m_TagString: Untagged
  m_Icon: {fileID: 0}
  m_NavMeshLayer: 0
  m_StaticEditorFlags: 0
  m_IsActive: 1
--- !u!4 &3877826542720378970
Transform:
  m_ObjectHideFlags: 0
  m_CorrespondingSourceObject: {fileID: 0}
  m_PrefabInstance: {fileID: 0}
  m_PrefabAsset: {fileID: 0}
  m_GameObject: {fileID: 3258347692743916089}
  m_LocalRotation: {x: -0.000077216384, y: -0.005649123, z: -0.00020593738, w: 0.999984}
  m_LocalPosition: {x: -0.32171538, y: 0.000005197525, z: 0}
  m_LocalScale: {x: 1.0000001, y: 1.0000002, z: 1.0000002}
  m_Children:
  - {fileID: 1492697158303232804}
  m_Father: {fileID: 6039285048884474546}
  m_RootOrder: 0
  m_LocalEulerAnglesHint: {x: 0, y: 0, z: 0}
--- !u!1 &3295653704109282538
GameObject:
  m_ObjectHideFlags: 0
  m_CorrespondingSourceObject: {fileID: 0}
  m_PrefabInstance: {fileID: 0}
  m_PrefabAsset: {fileID: 0}
  serializedVersion: 6
  m_Component:
  - component: {fileID: 6195276749886454122}
  m_Layer: 0
  m_Name: RArm_Fing2_Be_01
  m_TagString: Untagged
  m_Icon: {fileID: 0}
  m_NavMeshLayer: 0
  m_StaticEditorFlags: 0
  m_IsActive: 1
--- !u!4 &6195276749886454122
Transform:
  m_ObjectHideFlags: 0
  m_CorrespondingSourceObject: {fileID: 0}
  m_PrefabInstance: {fileID: 0}
  m_PrefabAsset: {fileID: 0}
  m_GameObject: {fileID: 3295653704109282538}
  m_LocalRotation: {x: 0.0000000027925957, y: 0.0000014342368, z: 0.0000009567011,
    w: 1}
  m_LocalPosition: {x: -0.13313995, y: 0.00000030517577, z: 0}
  m_LocalScale: {x: 1, y: 1, z: 1}
  m_Children: []
  m_Father: {fileID: 1492697158303232804}
  m_RootOrder: 0
  m_LocalEulerAnglesHint: {x: 0, y: 0, z: 0}
--- !u!1 &3400259809346975289
GameObject:
  m_ObjectHideFlags: 0
  m_CorrespondingSourceObject: {fileID: 0}
  m_PrefabInstance: {fileID: 0}
  m_PrefabAsset: {fileID: 0}
  serializedVersion: 6
  m_Component:
  - component: {fileID: 1810526435233346639}
  m_Layer: 0
  m_Name: RArm_Hand_Bn_01
  m_TagString: Untagged
  m_Icon: {fileID: 0}
  m_NavMeshLayer: 0
  m_StaticEditorFlags: 0
  m_IsActive: 1
--- !u!4 &1810526435233346639
Transform:
  m_ObjectHideFlags: 0
  m_CorrespondingSourceObject: {fileID: 0}
  m_PrefabInstance: {fileID: 0}
  m_PrefabAsset: {fileID: 0}
  m_GameObject: {fileID: 3400259809346975289}
  m_LocalRotation: {x: 0.00026734133, y: -0.048986096, z: 0.0056833895, w: 0.9987833}
  m_LocalPosition: {x: -1.3522205, y: 0.00000030517577, z: -0.0000004673004}
  m_LocalScale: {x: 1.0000002, y: 0.99999994, z: 1}
  m_Children:
  - {fileID: 1290394558947580829}
  - {fileID: 6039285048884474546}
  - {fileID: 8904235922422633651}
  - {fileID: 3177194452918766415}
  - {fileID: 6212070706739273814}
  m_Father: {fileID: 4760413133796967158}
  m_RootOrder: 0
  m_LocalEulerAnglesHint: {x: 0, y: 0, z: 0}
--- !u!1 &3536550269365753539
GameObject:
  m_ObjectHideFlags: 0
  m_CorrespondingSourceObject: {fileID: 0}
  m_PrefabInstance: {fileID: 0}
  m_PrefabAsset: {fileID: 0}
  serializedVersion: 6
  m_Component:
  - component: {fileID: 272205868967043083}
  m_Layer: 0
  m_Name: RArm_Fing1_Bn_03
  m_TagString: Untagged
  m_Icon: {fileID: 0}
  m_NavMeshLayer: 0
  m_StaticEditorFlags: 0
  m_IsActive: 1
--- !u!4 &272205868967043083
Transform:
  m_ObjectHideFlags: 0
  m_CorrespondingSourceObject: {fileID: 0}
  m_PrefabInstance: {fileID: 0}
  m_PrefabAsset: {fileID: 0}
  m_GameObject: {fileID: 3536550269365753539}
  m_LocalRotation: {x: 0.0000000051120006, y: -0.0000004749471, z: 0.011743013, w: 0.99993104}
  m_LocalPosition: {x: -0.13349944, y: -0.00000022888183, z: 0.00000030517577}
  m_LocalScale: {x: 1.0000004, y: 0.99999994, z: 1}
  m_Children:
  - {fileID: 4394987846896222008}
  m_Father: {fileID: 4509887852671878691}
  m_RootOrder: 0
  m_LocalEulerAnglesHint: {x: 0, y: 0, z: 0}
--- !u!1 &3583649300014461074
GameObject:
  m_ObjectHideFlags: 0
  m_CorrespondingSourceObject: {fileID: 0}
  m_PrefabInstance: {fileID: 0}
  m_PrefabAsset: {fileID: 0}
  serializedVersion: 6
  m_Component:
  - component: {fileID: 4257505370543290603}
  m_Layer: 0
  m_Name: RArm_Thumb_Bn_03
  m_TagString: Untagged
  m_Icon: {fileID: 0}
  m_NavMeshLayer: 0
  m_StaticEditorFlags: 0
  m_IsActive: 1
--- !u!4 &4257505370543290603
Transform:
  m_ObjectHideFlags: 0
  m_CorrespondingSourceObject: {fileID: 0}
  m_PrefabInstance: {fileID: 0}
  m_PrefabAsset: {fileID: 0}
  m_GameObject: {fileID: 3583649300014461074}
  m_LocalRotation: {x: -0.000012549647, y: 0.0011813105, z: -0.010573823, w: 0.99994344}
  m_LocalPosition: {x: -0.1516774, y: -0.00000015258789, z: 0.00000061035155}
  m_LocalScale: {x: 0.99999994, y: 0.99999946, z: 1}
  m_Children:
  - {fileID: 9093172447322807276}
  m_Father: {fileID: 4326718722411721405}
  m_RootOrder: 0
  m_LocalEulerAnglesHint: {x: 0, y: 0, z: 0}
--- !u!1 &3597185733331529723
GameObject:
  m_ObjectHideFlags: 0
  m_CorrespondingSourceObject: {fileID: 0}
  m_PrefabInstance: {fileID: 0}
  m_PrefabAsset: {fileID: 0}
  serializedVersion: 6
  m_Component:
  - component: {fileID: 4942649550081841280}
  m_Layer: 0
  m_Name: LArm_Thumb_Bn_03
  m_TagString: Untagged
  m_Icon: {fileID: 0}
  m_NavMeshLayer: 0
  m_StaticEditorFlags: 0
  m_IsActive: 1
--- !u!4 &4942649550081841280
Transform:
  m_ObjectHideFlags: 0
  m_CorrespondingSourceObject: {fileID: 0}
  m_PrefabInstance: {fileID: 0}
  m_PrefabAsset: {fileID: 0}
  m_GameObject: {fileID: 3597185733331529723}
  m_LocalRotation: {x: 0.000012561171, y: 0.0011808446, z: 0.01057423, w: 0.99994344}
  m_LocalPosition: {x: -0.15167816, y: -0.00000045776366, z: 0.00000061035155}
  m_LocalScale: {x: 1.0000002, y: 1.0000004, z: 1.0000001}
  m_Children:
  - {fileID: 5557596759073094525}
  m_Father: {fileID: 4562761102005249247}
  m_RootOrder: 0
  m_LocalEulerAnglesHint: {x: 0, y: 0, z: 0}
--- !u!1 &3599742595850878404
GameObject:
  m_ObjectHideFlags: 0
  m_CorrespondingSourceObject: {fileID: 0}
  m_PrefabInstance: {fileID: 0}
  m_PrefabAsset: {fileID: 0}
  serializedVersion: 6
  m_Component:
  - component: {fileID: 1815928710247056811}
  m_Layer: 0
  m_Name: LArm_Fing3_Bn_01
  m_TagString: Untagged
  m_Icon: {fileID: 0}
  m_NavMeshLayer: 0
  m_StaticEditorFlags: 0
  m_IsActive: 1
--- !u!4 &1815928710247056811
Transform:
  m_ObjectHideFlags: 0
  m_CorrespondingSourceObject: {fileID: 0}
  m_PrefabInstance: {fileID: 0}
  m_PrefabAsset: {fileID: 0}
  m_GameObject: {fileID: 3599742595850878404}
  m_LocalRotation: {x: -0.7087558, y: -0.04304519, z: 0.009529136, w: 0.70407504}
  m_LocalPosition: {x: -0.53337127, y: -0.004299011, z: -0.07458252}
  m_LocalScale: {x: 1.0000007, y: 1.0000006, z: 1.0000005}
  m_Children:
  - {fileID: 2657932009062092873}
  m_Father: {fileID: 7250275060286502099}
  m_RootOrder: 2
  m_LocalEulerAnglesHint: {x: 0, y: 0, z: 0}
--- !u!1 &3745469721705737246
GameObject:
  m_ObjectHideFlags: 0
  m_CorrespondingSourceObject: {fileID: 0}
  m_PrefabInstance: {fileID: 0}
  m_PrefabAsset: {fileID: 0}
  serializedVersion: 6
  m_Component:
  - component: {fileID: 4228422455569505132}
  m_Layer: 0
  m_Name: RFoot_Toes1_Bn_01
  m_TagString: Untagged
  m_Icon: {fileID: 0}
  m_NavMeshLayer: 0
  m_StaticEditorFlags: 0
  m_IsActive: 1
--- !u!4 &4228422455569505132
Transform:
  m_ObjectHideFlags: 0
  m_CorrespondingSourceObject: {fileID: 0}
  m_PrefabInstance: {fileID: 0}
  m_PrefabAsset: {fileID: 0}
  m_GameObject: {fileID: 3745469721705737246}
  m_LocalRotation: {x: 0.016650157, y: 0.21195522, z: -0.025824625, w: 0.9767962}
  m_LocalPosition: {x: -0.26649657, y: 0.0000003480911, z: -0.000000076293944}
  m_LocalScale: {x: 1, y: 1.0000001, z: 0.99999994}
  m_Children:
  - {fileID: 8919349950214163222}
  - {fileID: 9097117708680203128}
  m_Father: {fileID: 4134379056592571889}
  m_RootOrder: 0
  m_LocalEulerAnglesHint: {x: 0, y: 0, z: 0}
--- !u!1 &3768277880572408484
GameObject:
  m_ObjectHideFlags: 0
  m_CorrespondingSourceObject: {fileID: 0}
  m_PrefabInstance: {fileID: 0}
  m_PrefabAsset: {fileID: 0}
  serializedVersion: 6
  m_Component:
  - component: {fileID: 5996765645616038456}
  m_Layer: 0
  m_Name: LArm_Fing1_Be_01
  m_TagString: Untagged
  m_Icon: {fileID: 0}
  m_NavMeshLayer: 0
  m_StaticEditorFlags: 0
  m_IsActive: 1
--- !u!4 &5996765645616038456
Transform:
  m_ObjectHideFlags: 0
  m_CorrespondingSourceObject: {fileID: 0}
  m_PrefabInstance: {fileID: 0}
  m_PrefabAsset: {fileID: 0}
  m_GameObject: {fileID: 3768277880572408484}
  m_LocalRotation: {x: -0.0000000027939682, y: 7.8062565e-18, z: -0.0000000027939677,
    w: 1}
  m_LocalPosition: {x: -0.11169495, y: -0.000000076293944, z: 0}
  m_LocalScale: {x: 0.99999994, y: 0.9999999, z: 0.99999994}
  m_Children: []
  m_Father: {fileID: 4922732917456441164}
  m_RootOrder: 0
  m_LocalEulerAnglesHint: {x: 0, y: 0, z: 0}
--- !u!1 &3884503537890627689
GameObject:
  m_ObjectHideFlags: 0
  m_CorrespondingSourceObject: {fileID: 0}
  m_PrefabInstance: {fileID: 0}
  m_PrefabAsset: {fileID: 0}
  serializedVersion: 6
  m_Component:
  - component: {fileID: 472828394630794884}
  m_Layer: 0
  m_Name: Head_Head01_Bn_01
  m_TagString: Untagged
  m_Icon: {fileID: 0}
  m_NavMeshLayer: 0
  m_StaticEditorFlags: 0
  m_IsActive: 1
--- !u!4 &472828394630794884
Transform:
  m_ObjectHideFlags: 0
  m_CorrespondingSourceObject: {fileID: 0}
  m_PrefabInstance: {fileID: 0}
  m_PrefabAsset: {fileID: 0}
  m_GameObject: {fileID: 3884503537890627689}
  m_LocalRotation: {x: -0.0000033547567, y: -0.0000012750758, z: 0.25456968, w: 0.9670544}
  m_LocalPosition: {x: -0.33692992, y: 0, z: -0.0000000023841857}
  m_LocalScale: {x: 1.0000001, y: 1, z: 1}
  m_Children:
  - {fileID: 4470760818403144867}
  m_Father: {fileID: 4879352631822962941}
  m_RootOrder: 0
  m_LocalEulerAnglesHint: {x: 0, y: 0, z: 0}
--- !u!1 &4008490815896628236
GameObject:
  m_ObjectHideFlags: 0
  m_CorrespondingSourceObject: {fileID: 0}
  m_PrefabInstance: {fileID: 0}
  m_PrefabAsset: {fileID: 0}
  serializedVersion: 6
  m_Component:
  - component: {fileID: 1613617238345607168}
  - component: {fileID: 5984991975669008199}
  m_Layer: 0
  m_Name: RLeg_01
  m_TagString: Untagged
  m_Icon: {fileID: 0}
  m_NavMeshLayer: 0
  m_StaticEditorFlags: 0
  m_IsActive: 1
--- !u!4 &1613617238345607168
Transform:
  m_ObjectHideFlags: 0
  m_CorrespondingSourceObject: {fileID: 0}
  m_PrefabInstance: {fileID: 0}
  m_PrefabAsset: {fileID: 0}
  m_GameObject: {fileID: 4008490815896628236}
  m_LocalRotation: {x: -0.7071068, y: 0, z: -0, w: 0.7071068}
  m_LocalPosition: {x: 0.0035667573, y: -0.362341, z: 0.76066893}
  m_LocalScale: {x: 1, y: 1, z: 1}
  m_Children: []
  m_Father: {fileID: 6735901221013902535}
  m_RootOrder: 2
  m_LocalEulerAnglesHint: {x: 0, y: 0, z: 0}
--- !u!137 &5984991975669008199
SkinnedMeshRenderer:
  m_ObjectHideFlags: 0
  m_CorrespondingSourceObject: {fileID: 0}
  m_PrefabInstance: {fileID: 0}
  m_PrefabAsset: {fileID: 0}
  m_GameObject: {fileID: 4008490815896628236}
  m_Enabled: 1
  m_CastShadows: 1
  m_ReceiveShadows: 1
  m_DynamicOccludee: 1
  m_MotionVectors: 1
  m_LightProbeUsage: 1
  m_ReflectionProbeUsage: 1
  m_RayTracingMode: 0
  m_RenderingLayerMask: 1
  m_RendererPriority: 0
  m_Materials:
  - {fileID: 2100000, guid: d67208b915e52384a9e7db39cbfbbad0, type: 2}
  m_StaticBatchInfo:
    firstSubMesh: 0
    subMeshCount: 0
  m_StaticBatchRoot: {fileID: 0}
  m_ProbeAnchor: {fileID: 0}
  m_LightProbeVolumeOverride: {fileID: 0}
  m_ScaleInLightmap: 1
  m_ReceiveGI: 1
  m_PreserveUVs: 0
  m_IgnoreNormalsForChartDetection: 0
  m_ImportantGI: 0
  m_StitchLightmapSeams: 1
  m_SelectedEditorRenderState: 3
  m_MinimumChartSize: 4
  m_AutoUVMaxDistance: 0.5
  m_AutoUVMaxAngle: 89
  m_LightmapParameters: {fileID: 0}
  m_SortingLayerID: 0
  m_SortingLayer: 0
  m_SortingOrder: 0
  serializedVersion: 2
  m_Quality: 0
  m_UpdateWhenOffscreen: 0
  m_SkinnedMotionVectors: 1
  m_Mesh: {fileID: -1801538584521810747, guid: cac5fe9c20773f449a0c3b0ea0241685, type: 3}
  m_Bones:
  - {fileID: 2434972924258067792}
  - {fileID: 8524896376269015681}
  - {fileID: 6169357585476525589}
  - {fileID: 28361407568404736}
  - {fileID: 4134379056592571889}
  - {fileID: 4228422455569505132}
  - {fileID: 3050202625588097713}
  - {fileID: 9097117708680203128}
  - {fileID: 8919349950214163222}
  - {fileID: 8495666045633823568}
  - {fileID: 3551976009430537362}
  - {fileID: 4453304785329591531}
  m_BlendShapeWeights: []
  m_RootBone: {fileID: 28361407568404736}
  m_AABB:
    m_Center: {x: -1.5171121, y: -0.7201297, z: -0.9517678}
    m_Extent: {x: 1.1858248, y: 0.88502395, z: 1.167915}
  m_DirtyAABB: 0
--- !u!1 &4033539409029024198
GameObject:
  m_ObjectHideFlags: 0
  m_CorrespondingSourceObject: {fileID: 0}
  m_PrefabInstance: {fileID: 0}
  m_PrefabAsset: {fileID: 0}
  serializedVersion: 6
  m_Component:
  - component: {fileID: 6212070706739273814}
  m_Layer: 0
  m_Name: RArm_Thumb_Bn_01
  m_TagString: Untagged
  m_Icon: {fileID: 0}
  m_NavMeshLayer: 0
  m_StaticEditorFlags: 0
  m_IsActive: 1
--- !u!4 &6212070706739273814
Transform:
  m_ObjectHideFlags: 0
  m_CorrespondingSourceObject: {fileID: 0}
  m_PrefabInstance: {fileID: 0}
  m_PrefabAsset: {fileID: 0}
  m_GameObject: {fileID: 4033539409029024198}
  m_LocalRotation: {x: 0.6199681, y: 0.2892447, z: -0.3422527, w: 0.6440809}
  m_LocalPosition: {x: -0.21846192, y: -0.0007675171, z: 0.23662032}
  m_LocalScale: {x: 0.9999995, y: 0.99999964, z: 0.99999994}
  m_Children:
  - {fileID: 4326718722411721405}
  m_Father: {fileID: 1810526435233346639}
  m_RootOrder: 4
  m_LocalEulerAnglesHint: {x: 0, y: 0, z: 0}
--- !u!1 &4089693991311259193
GameObject:
  m_ObjectHideFlags: 0
  m_CorrespondingSourceObject: {fileID: 0}
  m_PrefabInstance: {fileID: 0}
  m_PrefabAsset: {fileID: 0}
  serializedVersion: 6
  m_Component:
  - component: {fileID: 8431335714618687917}
  m_Layer: 0
  m_Name: RArm_Fing4_Bn_03
  m_TagString: Untagged
  m_Icon: {fileID: 0}
  m_NavMeshLayer: 0
  m_StaticEditorFlags: 0
  m_IsActive: 1
--- !u!4 &8431335714618687917
Transform:
  m_ObjectHideFlags: 0
  m_CorrespondingSourceObject: {fileID: 0}
  m_PrefabInstance: {fileID: 0}
  m_PrefabAsset: {fileID: 0}
  m_GameObject: {fileID: 4089693991311259193}
  m_LocalRotation: {x: -0.0000000016057796, y: -0.000035223027, z: -0.0049106814,
    w: 0.99998796}
  m_LocalPosition: {x: -0.11910766, y: 0.00000019073485, z: -0.00000061035155}
  m_LocalScale: {x: 1.0000004, y: 1.0000004, z: 1.0000002}
  m_Children:
  - {fileID: 8276947001307631170}
  m_Father: {fileID: 8387380807983872060}
  m_RootOrder: 0
  m_LocalEulerAnglesHint: {x: 0, y: 0, z: 0}
--- !u!1 &4114758685992065539
GameObject:
  m_ObjectHideFlags: 0
  m_CorrespondingSourceObject: {fileID: 0}
  m_PrefabInstance: {fileID: 0}
  m_PrefabAsset: {fileID: 0}
  serializedVersion: 6
  m_Component:
  - component: {fileID: 1952726779188752900}
  m_Layer: 0
  m_Name: Spine_Spine1_Bn_01
  m_TagString: Untagged
  m_Icon: {fileID: 0}
  m_NavMeshLayer: 0
  m_StaticEditorFlags: 0
  m_IsActive: 1
--- !u!4 &1952726779188752900
Transform:
  m_ObjectHideFlags: 0
  m_CorrespondingSourceObject: {fileID: 0}
  m_PrefabInstance: {fileID: 0}
  m_PrefabAsset: {fileID: 0}
  m_GameObject: {fileID: 4114758685992065539}
  m_LocalRotation: {x: -0.0000007118709, y: 0.00000007301517, z: -0.10073797, w: 0.99491304}
  m_LocalPosition: {x: -0.4376141, y: 0.00000022888183, z: -0.000000019073486}
  m_LocalScale: {x: 1.0000001, y: 1, z: 1}
  m_Children:
  - {fileID: 5064301517149777069}
  m_Father: {fileID: 7101658495778138480}
  m_RootOrder: 2
  m_LocalEulerAnglesHint: {x: 0, y: 0, z: 0}
--- !u!1 &4142741169153536805
GameObject:
  m_ObjectHideFlags: 0
  m_CorrespondingSourceObject: {fileID: 0}
  m_PrefabInstance: {fileID: 0}
  m_PrefabAsset: {fileID: 0}
  serializedVersion: 6
  m_Component:
  - component: {fileID: 2434972924258067792}
  m_Layer: 0
  m_Name: RLeg_Upper_Bn_01
  m_TagString: Untagged
  m_Icon: {fileID: 0}
  m_NavMeshLayer: 0
  m_StaticEditorFlags: 0
  m_IsActive: 1
--- !u!4 &2434972924258067792
Transform:
  m_ObjectHideFlags: 0
  m_CorrespondingSourceObject: {fileID: 0}
  m_PrefabInstance: {fileID: 0}
  m_PrefabAsset: {fileID: 0}
  m_GameObject: {fileID: 4142741169153536805}
  m_LocalRotation: {x: 0.023312373, y: -0.36244437, z: 0.28396174, w: 0.8873874}
  m_LocalPosition: {x: -0.54616225, y: 0, z: -0.00000030517577}
  m_LocalScale: {x: 0.9999999, y: 1.0000004, z: 1.0000001}
  m_Children:
  - {fileID: 8524896376269015681}
  - {fileID: 6169357585476525589}
  m_Father: {fileID: 28361407568404736}
  m_RootOrder: 0
  m_LocalEulerAnglesHint: {x: 0, y: 0, z: 0}
--- !u!1 &4144285570046453403
GameObject:
  m_ObjectHideFlags: 0
  m_CorrespondingSourceObject: {fileID: 0}
  m_PrefabInstance: {fileID: 0}
  m_PrefabAsset: {fileID: 0}
  serializedVersion: 6
  m_Component:
  - component: {fileID: 7488450171355562811}
  m_Layer: 0
  m_Name: LLeg_KneeCap_Be_01
  m_TagString: Untagged
  m_Icon: {fileID: 0}
  m_NavMeshLayer: 0
  m_StaticEditorFlags: 0
  m_IsActive: 1
--- !u!4 &7488450171355562811
Transform:
  m_ObjectHideFlags: 0
  m_CorrespondingSourceObject: {fileID: 0}
  m_PrefabInstance: {fileID: 0}
  m_PrefabAsset: {fileID: 0}
  m_GameObject: {fileID: 4144285570046453403}
  m_LocalRotation: {x: -0.000013370224, y: 0.000094897165, z: -0.0000032620858, w: 1}
  m_LocalPosition: {x: -0.21952385, y: -0.00000015258789, z: 0.00000087738033}
  m_LocalScale: {x: 0.9999999, y: 0.99999994, z: 1.0000001}
  m_Children: []
  m_Father: {fileID: 5294915837933814212}
  m_RootOrder: 0
  m_LocalEulerAnglesHint: {x: 0, y: 0, z: 0}
--- !u!1 &4156502061970221004
GameObject:
  m_ObjectHideFlags: 0
  m_CorrespondingSourceObject: {fileID: 0}
  m_PrefabInstance: {fileID: 0}
  m_PrefabAsset: {fileID: 0}
  serializedVersion: 6
  m_Component:
  - component: {fileID: 4020366040367680951}
  m_Layer: 0
  m_Name: LPelvis_Bn_01
  m_TagString: Untagged
  m_Icon: {fileID: 0}
  m_NavMeshLayer: 0
  m_StaticEditorFlags: 0
  m_IsActive: 1
--- !u!4 &4020366040367680951
Transform:
  m_ObjectHideFlags: 0
  m_CorrespondingSourceObject: {fileID: 0}
  m_PrefabInstance: {fileID: 0}
  m_PrefabAsset: {fileID: 0}
  m_GameObject: {fileID: 4156502061970221004}
  m_LocalRotation: {x: 0.34075537, y: 0.839287, z: 0.15937102, w: -0.3925354}
  m_LocalPosition: {x: 0.00000030517577, y: 0, z: 0.00000017166137}
  m_LocalScale: {x: 1.0000004, y: 0.9999998, z: 1}
  m_Children:
  - {fileID: 3556993422728602340}
  m_Father: {fileID: 7101658495778138480}
  m_RootOrder: 0
  m_LocalEulerAnglesHint: {x: 0, y: 0, z: 0}
--- !u!1 &4163321734798901638
GameObject:
  m_ObjectHideFlags: 0
  m_CorrespondingSourceObject: {fileID: 0}
  m_PrefabInstance: {fileID: 0}
  m_PrefabAsset: {fileID: 0}
  serializedVersion: 6
  m_Component:
  - component: {fileID: 1457874123507563958}
  m_Layer: 0
  m_Name: LArm_Fing2_Bn_01
  m_TagString: Untagged
  m_Icon: {fileID: 0}
  m_NavMeshLayer: 0
  m_StaticEditorFlags: 0
  m_IsActive: 1
--- !u!4 &1457874123507563958
Transform:
  m_ObjectHideFlags: 0
  m_CorrespondingSourceObject: {fileID: 0}
  m_PrefabInstance: {fileID: 0}
  m_PrefabAsset: {fileID: 0}
  m_GameObject: {fileID: 4163321734798901638}
  m_LocalRotation: {x: -0.706414, y: 0.004143141, z: 0.05791467, w: 0.7054134}
  m_LocalPosition: {x: -0.5355475, y: -0.0036468506, z: 0.084375344}
  m_LocalScale: {x: 1.0000004, y: 1.0000002, z: 1.0000007}
  m_Children:
  - {fileID: 5943956533799613710}
  m_Father: {fileID: 7250275060286502099}
  m_RootOrder: 1
  m_LocalEulerAnglesHint: {x: 0, y: 0, z: 0}
--- !u!1 &4278754539165797629
GameObject:
  m_ObjectHideFlags: 0
  m_CorrespondingSourceObject: {fileID: 0}
  m_PrefabInstance: {fileID: 0}
  m_PrefabAsset: {fileID: 0}
  serializedVersion: 6
  m_Component:
  - component: {fileID: 5793831053199338402}
  - component: {fileID: 7449672776829093565}
  m_Layer: 0
  m_Name: Pelvis_01
  m_TagString: Untagged
  m_Icon: {fileID: 0}
  m_NavMeshLayer: 0
  m_StaticEditorFlags: 0
  m_IsActive: 1
--- !u!4 &5793831053199338402
Transform:
  m_ObjectHideFlags: 0
  m_CorrespondingSourceObject: {fileID: 0}
  m_PrefabInstance: {fileID: 0}
  m_PrefabAsset: {fileID: 0}
  m_GameObject: {fileID: 4278754539165797629}
  m_LocalRotation: {x: -0.7071068, y: 0, z: -0, w: 0.7071068}
  m_LocalPosition: {x: 0.0035667573, y: -0.36234105, z: 0.76066893}
  m_LocalScale: {x: 1, y: 1, z: 1}
  m_Children: []
  m_Father: {fileID: 6735901221013902535}
  m_RootOrder: 1
  m_LocalEulerAnglesHint: {x: 0, y: 0, z: 0}
--- !u!137 &7449672776829093565
SkinnedMeshRenderer:
  m_ObjectHideFlags: 0
  m_CorrespondingSourceObject: {fileID: 0}
  m_PrefabInstance: {fileID: 0}
  m_PrefabAsset: {fileID: 0}
  m_GameObject: {fileID: 4278754539165797629}
  m_Enabled: 1
  m_CastShadows: 1
  m_ReceiveShadows: 1
  m_DynamicOccludee: 1
  m_MotionVectors: 1
  m_LightProbeUsage: 1
  m_ReflectionProbeUsage: 1
  m_RayTracingMode: 0
  m_RenderingLayerMask: 1
  m_RendererPriority: 0
  m_Materials:
  - {fileID: 2100000, guid: d67208b915e52384a9e7db39cbfbbad0, type: 2}
  m_StaticBatchInfo:
    firstSubMesh: 0
    subMeshCount: 0
  m_StaticBatchRoot: {fileID: 0}
  m_ProbeAnchor: {fileID: 0}
  m_LightProbeVolumeOverride: {fileID: 0}
  m_ScaleInLightmap: 1
  m_ReceiveGI: 1
  m_PreserveUVs: 0
  m_IgnoreNormalsForChartDetection: 0
  m_ImportantGI: 0
  m_StitchLightmapSeams: 1
  m_SelectedEditorRenderState: 3
  m_MinimumChartSize: 4
  m_AutoUVMaxDistance: 0.5
  m_AutoUVMaxAngle: 89
  m_LightmapParameters: {fileID: 0}
  m_SortingLayerID: 0
  m_SortingLayer: 0
  m_SortingOrder: 0
  serializedVersion: 2
  m_Quality: 0
  m_UpdateWhenOffscreen: 0
  m_SkinnedMotionVectors: 1
  m_Mesh: {fileID: -4403028701727191703, guid: cac5fe9c20773f449a0c3b0ea0241685, type: 3}
  m_Bones:
  - {fileID: 28361407568404736}
  - {fileID: 7101658495778138480}
  - {fileID: 4020366040367680951}
  - {fileID: 2434972924258067792}
  - {fileID: 3556993422728602340}
  - {fileID: 1952726779188752900}
  - {fileID: 5064301517149777069}
  m_BlendShapeWeights: []
  m_RootBone: {fileID: 7101658495778138480}
  m_AABB:
    m_Center: {x: -0.2972317, y: -0.18265219, z: 0.00356704}
    m_Extent: {x: 0.4627466, y: 0.36881953, z: 0.7157695}
  m_DirtyAABB: 0
--- !u!1 &4298267941814393801
GameObject:
  m_ObjectHideFlags: 0
  m_CorrespondingSourceObject: {fileID: 0}
  m_PrefabInstance: {fileID: 0}
  m_PrefabAsset: {fileID: 0}
  serializedVersion: 6
  m_Component:
  - component: {fileID: 2856001727677978969}
  m_Layer: 0
  m_Name: LArm_Fing3_Be_01
  m_TagString: Untagged
  m_Icon: {fileID: 0}
  m_NavMeshLayer: 0
  m_StaticEditorFlags: 0
  m_IsActive: 1
--- !u!4 &2856001727677978969
Transform:
  m_ObjectHideFlags: 0
  m_CorrespondingSourceObject: {fileID: 0}
  m_PrefabInstance: {fileID: 0}
  m_PrefabAsset: {fileID: 0}
  m_GameObject: {fileID: 4298267941814393801}
  m_LocalRotation: {x: -9.313226e-10, y: 0.0000000037252907, z: 0.000000002561137,
    w: 1}
  m_LocalPosition: {x: -0.09951477, y: 0, z: 0}
  m_LocalScale: {x: 0.99999994, y: 1, z: 1}
  m_Children: []
  m_Father: {fileID: 218198730959946025}
  m_RootOrder: 0
  m_LocalEulerAnglesHint: {x: 0, y: 0, z: 0}
--- !u!1 &4422523544946619277
GameObject:
  m_ObjectHideFlags: 0
  m_CorrespondingSourceObject: {fileID: 0}
  m_PrefabInstance: {fileID: 0}
  m_PrefabAsset: {fileID: 0}
  serializedVersion: 6
  m_Component:
  - component: {fileID: 5557596759073094525}
  m_Layer: 0
  m_Name: LArm_Thumb_Be_01
  m_TagString: Untagged
  m_Icon: {fileID: 0}
  m_NavMeshLayer: 0
  m_StaticEditorFlags: 0
  m_IsActive: 1
--- !u!4 &5557596759073094525
Transform:
  m_ObjectHideFlags: 0
  m_CorrespondingSourceObject: {fileID: 0}
  m_PrefabInstance: {fileID: 0}
  m_PrefabAsset: {fileID: 0}
  m_GameObject: {fileID: 4422523544946619277}
  m_LocalRotation: {x: 0.0000000051222746, y: 0.000000011175873, z: -0.000000006810297,
    w: 1}
  m_LocalPosition: {x: -0.111968994, y: 0.00000045776366, z: 0}
  m_LocalScale: {x: 0.9999999, y: 1, z: 1}
  m_Children: []
  m_Father: {fileID: 4942649550081841280}
  m_RootOrder: 0
  m_LocalEulerAnglesHint: {x: 0, y: 0, z: 0}
--- !u!1 &4711684513468144401
GameObject:
  m_ObjectHideFlags: 0
  m_CorrespondingSourceObject: {fileID: 0}
  m_PrefabInstance: {fileID: 0}
  m_PrefabAsset: {fileID: 0}
  serializedVersion: 6
  m_Component:
  - component: {fileID: 9097117708680203128}
  m_Layer: 0
  m_Name: RFoot_Toes2_Bn_01
  m_TagString: Untagged
  m_Icon: {fileID: 0}
  m_NavMeshLayer: 0
  m_StaticEditorFlags: 0
  m_IsActive: 1
--- !u!4 &9097117708680203128
Transform:
  m_ObjectHideFlags: 0
  m_CorrespondingSourceObject: {fileID: 0}
  m_PrefabInstance: {fileID: 0}
  m_PrefabAsset: {fileID: 0}
  m_GameObject: {fileID: 4711684513468144401}
  m_LocalRotation: {x: -0.0014732683, y: -0.14630954, z: 0.008160856, w: 0.9892041}
  m_LocalPosition: {x: -0.24652046, y: 0.0004970455, z: -0.000016965865}
  m_LocalScale: {x: 0.99999976, y: 0.99999976, z: 0.9999999}
  m_Children:
  - {fileID: 3551976009430537362}
  m_Father: {fileID: 4228422455569505132}
  m_RootOrder: 1
  m_LocalEulerAnglesHint: {x: 0, y: 0, z: 0}
--- !u!1 &4715342309448943467
GameObject:
  m_ObjectHideFlags: 0
  m_CorrespondingSourceObject: {fileID: 0}
  m_PrefabInstance: {fileID: 0}
  m_PrefabAsset: {fileID: 0}
  serializedVersion: 6
  m_Component:
  - component: {fileID: 4680840799664895893}
  m_Layer: 0
  m_Name: LFoot_BigToe_Be_01
  m_TagString: Untagged
  m_Icon: {fileID: 0}
  m_NavMeshLayer: 0
  m_StaticEditorFlags: 0
  m_IsActive: 1
--- !u!4 &4680840799664895893
Transform:
  m_ObjectHideFlags: 0
  m_CorrespondingSourceObject: {fileID: 0}
  m_PrefabInstance: {fileID: 0}
  m_PrefabAsset: {fileID: 0}
  m_GameObject: {fileID: 4715342309448943467}
  m_LocalRotation: {x: 0.0000007916257, y: -0.0000011636864, z: 0.0000012090557, w: 1}
  m_LocalPosition: {x: -0.17729141, y: 0.0000002479553, z: -0.00000091075896}
  m_LocalScale: {x: 1.0000002, y: 0.9999998, z: 1.0000001}
  m_Children: []
  m_Father: {fileID: 1161880133883974150}
  m_RootOrder: 0
  m_LocalEulerAnglesHint: {x: 0, y: 0, z: 0}
--- !u!1 &4893731925759607251
GameObject:
  m_ObjectHideFlags: 0
  m_CorrespondingSourceObject: {fileID: 0}
  m_PrefabInstance: {fileID: 0}
  m_PrefabAsset: {fileID: 0}
  serializedVersion: 6
  m_Component:
  - component: {fileID: 1161880133883974150}
  m_Layer: 0
  m_Name: LFoot_BigToe_Bn_01
  m_TagString: Untagged
  m_Icon: {fileID: 0}
  m_NavMeshLayer: 0
  m_StaticEditorFlags: 0
  m_IsActive: 1
--- !u!4 &1161880133883974150
Transform:
  m_ObjectHideFlags: 0
  m_CorrespondingSourceObject: {fileID: 0}
  m_PrefabInstance: {fileID: 0}
  m_PrefabAsset: {fileID: 0}
  m_GameObject: {fileID: 4893731925759607251}
  m_LocalRotation: {x: 0.6847205, y: -0.17690556, z: 0.18121094, w: 0.68339217}
  m_LocalPosition: {x: -0.18978138, y: 0.00088912965, z: -0.25449064}
  m_LocalScale: {x: 0.9999997, y: 0.99999976, z: 0.9999999}
  m_Children:
  - {fileID: 4680840799664895893}
  m_Father: {fileID: 5756425270779281426}
  m_RootOrder: 0
  m_LocalEulerAnglesHint: {x: 0, y: 0, z: 0}
--- !u!1 &5059432004855507630
GameObject:
  m_ObjectHideFlags: 0
  m_CorrespondingSourceObject: {fileID: 0}
  m_PrefabInstance: {fileID: 0}
  m_PrefabAsset: {fileID: 0}
  serializedVersion: 6
  m_Component:
  - component: {fileID: 3177194452918766415}
  m_Layer: 0
  m_Name: RArm_Fing4_Bn_01
  m_TagString: Untagged
  m_Icon: {fileID: 0}
  m_NavMeshLayer: 0
  m_StaticEditorFlags: 0
  m_IsActive: 1
--- !u!4 &3177194452918766415
Transform:
  m_ObjectHideFlags: 0
  m_CorrespondingSourceObject: {fileID: 0}
  m_PrefabInstance: {fileID: 0}
  m_PrefabAsset: {fileID: 0}
  m_GameObject: {fileID: 5059432004855507630}
  m_LocalRotation: {x: 0.7087134, y: -0.05235655, z: 0.00027498143, w: 0.70355105}
  m_LocalPosition: {x: -0.49362272, y: 0.0045913695, z: -0.22763136}
  m_LocalScale: {x: 0.99999964, y: 0.99999976, z: 0.99999994}
  m_Children:
  - {fileID: 8387380807983872060}
  m_Father: {fileID: 1810526435233346639}
  m_RootOrder: 3
  m_LocalEulerAnglesHint: {x: 0, y: 0, z: 0}
--- !u!1 &5080694906591402248
GameObject:
  m_ObjectHideFlags: 0
  m_CorrespondingSourceObject: {fileID: 0}
  m_PrefabInstance: {fileID: 0}
  m_PrefabAsset: {fileID: 0}
  serializedVersion: 6
  m_Component:
  - component: {fileID: 3050202625588097713}
  m_Layer: 0
  m_Name: RLeg_lowLeg_Be_01
  m_TagString: Untagged
  m_Icon: {fileID: 0}
  m_NavMeshLayer: 0
  m_StaticEditorFlags: 0
  m_IsActive: 1
--- !u!4 &3050202625588097713
Transform:
  m_ObjectHideFlags: 0
  m_CorrespondingSourceObject: {fileID: 0}
  m_PrefabInstance: {fileID: 0}
  m_PrefabAsset: {fileID: 0}
  m_GameObject: {fileID: 5080694906591402248}
  m_LocalRotation: {x: -0.00000809099, y: -0.0000136074805, z: 0.47525814, w: 0.8798464}
  m_LocalPosition: {x: -1.4903005, y: -0.00000028610228, z: -0.000000038146972}
  m_LocalScale: {x: 1.0000004, y: 1.0000005, z: 1}
  m_Children: []
  m_Father: {fileID: 6169357585476525589}
  m_RootOrder: 1
  m_LocalEulerAnglesHint: {x: 0, y: 0, z: 0}
--- !u!1 &5136940001252037433
GameObject:
  m_ObjectHideFlags: 0
  m_CorrespondingSourceObject: {fileID: 0}
  m_PrefabInstance: {fileID: 0}
  m_PrefabAsset: {fileID: 0}
  serializedVersion: 6
  m_Component:
  - component: {fileID: 2609035235603035923}
  m_Layer: 0
  m_Name: LArm_Fing4_Bn_03
  m_TagString: Untagged
  m_Icon: {fileID: 0}
  m_NavMeshLayer: 0
  m_StaticEditorFlags: 0
  m_IsActive: 1
--- !u!4 &2609035235603035923
Transform:
  m_ObjectHideFlags: 0
  m_CorrespondingSourceObject: {fileID: 0}
  m_PrefabInstance: {fileID: 0}
  m_PrefabAsset: {fileID: 0}
  m_GameObject: {fileID: 5136940001252037433}
  m_LocalRotation: {x: -0.000000068071174, y: -0.00003488065, z: 0.004910445, w: 0.99998796}
  m_LocalPosition: {x: -0.11910797, y: 0, z: 0}
  m_LocalScale: {x: 0.99999994, y: 1.0000002, z: 1}
  m_Children:
  - {fileID: 3804310631039918085}
  m_Father: {fileID: 2526047059577013508}
  m_RootOrder: 0
  m_LocalEulerAnglesHint: {x: 0, y: 0, z: 0}
--- !u!1 &5183389060653395278
GameObject:
  m_ObjectHideFlags: 0
  m_CorrespondingSourceObject: {fileID: 0}
  m_PrefabInstance: {fileID: 0}
  m_PrefabAsset: {fileID: 0}
  serializedVersion: 6
  m_Component:
  - component: {fileID: 4509887852671878691}
  m_Layer: 0
  m_Name: RArm_Fing1_Bn_02
  m_TagString: Untagged
  m_Icon: {fileID: 0}
  m_NavMeshLayer: 0
  m_StaticEditorFlags: 0
  m_IsActive: 1
--- !u!4 &4509887852671878691
Transform:
  m_ObjectHideFlags: 0
  m_CorrespondingSourceObject: {fileID: 0}
  m_PrefabInstance: {fileID: 0}
  m_PrefabAsset: {fileID: 0}
  m_GameObject: {fileID: 5183389060653395278}
  m_LocalRotation: {x: -0.000029024028, y: -0.005831436, z: 0.004957808, w: 0.99997073}
  m_LocalPosition: {x: -0.2818179, y: -0.00000022888183, z: 0}
  m_LocalScale: {x: 0.9999996, y: 1, z: 0.9999998}
  m_Children:
  - {fileID: 272205868967043083}
  m_Father: {fileID: 1290394558947580829}
  m_RootOrder: 0
  m_LocalEulerAnglesHint: {x: 0, y: 0, z: 0}
--- !u!1 &5327395102140191135
GameObject:
  m_ObjectHideFlags: 0
  m_CorrespondingSourceObject: {fileID: 0}
  m_PrefabInstance: {fileID: 0}
  m_PrefabAsset: {fileID: 0}
  serializedVersion: 6
  m_Component:
  - component: {fileID: 28361407568404736}
  m_Layer: 0
  m_Name: RPelvis_Bn_01
  m_TagString: Untagged
  m_Icon: {fileID: 0}
  m_NavMeshLayer: 0
  m_StaticEditorFlags: 0
  m_IsActive: 1
--- !u!4 &28361407568404736
Transform:
  m_ObjectHideFlags: 0
  m_CorrespondingSourceObject: {fileID: 0}
  m_PrefabInstance: {fileID: 0}
  m_PrefabAsset: {fileID: 0}
  m_GameObject: {fileID: 5327395102140191135}
  m_LocalRotation: {x: -0.39253557, y: 0.15937202, z: 0.83928686, w: 0.34075493}
  m_LocalPosition: {x: 0.00000030517577, y: 0, z: 0.00000019073485}
  m_LocalScale: {x: 1.0000004, y: 1, z: 1.0000001}
  m_Children:
  - {fileID: 2434972924258067792}
  m_Father: {fileID: 7101658495778138480}
  m_RootOrder: 1
  m_LocalEulerAnglesHint: {x: 0, y: 0, z: 0}
--- !u!1 &5466142243663927923
GameObject:
  m_ObjectHideFlags: 0
  m_CorrespondingSourceObject: {fileID: 0}
  m_PrefabInstance: {fileID: 0}
  m_PrefabAsset: {fileID: 0}
  serializedVersion: 6
  m_Component:
  - component: {fileID: 3361534930394004943}
  m_Layer: 0
  m_Name: Spine_Neck1_Bn_01
  m_TagString: Untagged
  m_Icon: {fileID: 0}
  m_NavMeshLayer: 0
  m_StaticEditorFlags: 0
  m_IsActive: 1
--- !u!4 &3361534930394004943
Transform:
  m_ObjectHideFlags: 0
  m_CorrespondingSourceObject: {fileID: 0}
  m_PrefabInstance: {fileID: 0}
  m_PrefabAsset: {fileID: 0}
  m_GameObject: {fileID: 5466142243663927923}
  m_LocalRotation: {x: 0.000001088967, y: 0.00000008178741, z: 0.07489457, w: 0.9971915}
  m_LocalPosition: {x: -0.54402345, y: 0.00000015258789, z: -0.000000009536743}
  m_LocalScale: {x: 1, y: 1, z: 1}
  m_Children:
  - {fileID: 4879352631822962941}
  m_Father: {fileID: 5950321042469767161}
  m_RootOrder: 2
  m_LocalEulerAnglesHint: {x: 0, y: 0, z: 0}
--- !u!1 &5839115909665957995
GameObject:
  m_ObjectHideFlags: 0
  m_CorrespondingSourceObject: {fileID: 0}
  m_PrefabInstance: {fileID: 0}
  m_PrefabAsset: {fileID: 0}
  serializedVersion: 6
  m_Component:
  - component: {fileID: 1492697158303232804}
  m_Layer: 0
  m_Name: RArm_Fing2_Bn_03
  m_TagString: Untagged
  m_Icon: {fileID: 0}
  m_NavMeshLayer: 0
  m_StaticEditorFlags: 0
  m_IsActive: 1
--- !u!4 &1492697158303232804
Transform:
  m_ObjectHideFlags: 0
  m_CorrespondingSourceObject: {fileID: 0}
  m_PrefabInstance: {fileID: 0}
  m_PrefabAsset: {fileID: 0}
  m_GameObject: {fileID: 5839115909665957995}
  m_LocalRotation: {x: -0.00000006875532, y: 0.00002098073, z: 0.0032770527, w: 0.99999464}
  m_LocalPosition: {x: -0.16717713, y: -0.000000076293944, z: 0}
  m_LocalScale: {x: 0.99999964, y: 0.9999997, z: 0.9999997}
  m_Children:
  - {fileID: 6195276749886454122}
  m_Father: {fileID: 3877826542720378970}
  m_RootOrder: 0
  m_LocalEulerAnglesHint: {x: 0, y: 0, z: 0}
--- !u!1 &5894458104675885988
GameObject:
  m_ObjectHideFlags: 0
  m_CorrespondingSourceObject: {fileID: 0}
  m_PrefabInstance: {fileID: 0}
  m_PrefabAsset: {fileID: 0}
  serializedVersion: 6
  m_Component:
  - component: {fileID: 7250275060286502099}
  m_Layer: 0
  m_Name: LArm_hand_Bn_01
  m_TagString: Untagged
  m_Icon: {fileID: 0}
  m_NavMeshLayer: 0
  m_StaticEditorFlags: 0
  m_IsActive: 1
--- !u!4 &7250275060286502099
Transform:
  m_ObjectHideFlags: 0
  m_CorrespondingSourceObject: {fileID: 0}
  m_PrefabInstance: {fileID: 0}
  m_PrefabAsset: {fileID: 0}
  m_GameObject: {fileID: 5894458104675885988}
  m_LocalRotation: {x: -0.00026735224, y: -0.048986003, z: -0.0056835082, w: 0.9987833}
  m_LocalPosition: {x: -1.3522214, y: 0.00000030517577, z: 0}
  m_LocalScale: {x: 1.0000001, y: 1.0000001, z: 1.0000002}
  m_Children:
  - {fileID: 899741485268959807}
  - {fileID: 1457874123507563958}
  - {fileID: 1815928710247056811}
  - {fileID: 3246344877675438246}
  - {fileID: 552347947575487253}
  m_Father: {fileID: 8857601792221204301}
  m_RootOrder: 0
  m_LocalEulerAnglesHint: {x: 0, y: 0, z: 0}
--- !u!1 &6200129882765076206
GameObject:
  m_ObjectHideFlags: 0
  m_CorrespondingSourceObject: {fileID: 0}
  m_PrefabInstance: {fileID: 0}
  m_PrefabAsset: {fileID: 0}
  serializedVersion: 6
  m_Component:
  - component: {fileID: 2657932009062092873}
  m_Layer: 0
  m_Name: LArm_Fing3_Bn_02
  m_TagString: Untagged
  m_Icon: {fileID: 0}
  m_NavMeshLayer: 0
  m_StaticEditorFlags: 0
  m_IsActive: 1
--- !u!4 &2657932009062092873
Transform:
  m_ObjectHideFlags: 0
  m_CorrespondingSourceObject: {fileID: 0}
  m_PrefabInstance: {fileID: 0}
  m_PrefabAsset: {fileID: 0}
  m_GameObject: {fileID: 6200129882765076206}
  m_LocalRotation: {x: 0.00012614117, y: -0.0066405754, z: 0.002553146, w: 0.9999747}
  m_LocalPosition: {x: -0.26585448, y: -0.000000038146972, z: 0}
  m_LocalScale: {x: 0.99999994, y: 1, z: 1}
  m_Children:
  - {fileID: 218198730959946025}
  m_Father: {fileID: 1815928710247056811}
  m_RootOrder: 0
  m_LocalEulerAnglesHint: {x: 0, y: 0, z: 0}
--- !u!1 &6226185871368319159
GameObject:
  m_ObjectHideFlags: 0
  m_CorrespondingSourceObject: {fileID: 0}
  m_PrefabInstance: {fileID: 0}
  m_PrefabAsset: {fileID: 0}
  serializedVersion: 6
  m_Component:
  - component: {fileID: 218198730959946025}
  m_Layer: 0
  m_Name: LArm_Fing3_Bn_03
  m_TagString: Untagged
  m_Icon: {fileID: 0}
  m_NavMeshLayer: 0
  m_StaticEditorFlags: 0
  m_IsActive: 1
--- !u!4 &218198730959946025
Transform:
  m_ObjectHideFlags: 0
  m_CorrespondingSourceObject: {fileID: 0}
  m_PrefabInstance: {fileID: 0}
  m_PrefabAsset: {fileID: 0}
  m_GameObject: {fileID: 6226185871368319159}
  m_LocalRotation: {x: 0.000000008721701, y: -0.00000058108293, z: 0.011802874, w: 0.9999304}
  m_LocalPosition: {x: -0.14440735, y: 0.000000038146972, z: -0.00000061035155}
  m_LocalScale: {x: 0.9999998, y: 1.0000002, z: 1}
  m_Children:
  - {fileID: 2856001727677978969}
  m_Father: {fileID: 2657932009062092873}
  m_RootOrder: 0
  m_LocalEulerAnglesHint: {x: 0, y: 0, z: 0}
--- !u!1 &6378952839439802671
GameObject:
  m_ObjectHideFlags: 0
  m_CorrespondingSourceObject: {fileID: 0}
  m_PrefabInstance: {fileID: 0}
  m_PrefabAsset: {fileID: 0}
  serializedVersion: 6
  m_Component:
  - component: {fileID: 3551976009430537362}
  m_Layer: 0
  m_Name: RFoot_Toes_Be_01
  m_TagString: Untagged
  m_Icon: {fileID: 0}
  m_NavMeshLayer: 0
  m_StaticEditorFlags: 0
  m_IsActive: 1
--- !u!4 &3551976009430537362
Transform:
  m_ObjectHideFlags: 0
  m_CorrespondingSourceObject: {fileID: 0}
  m_PrefabInstance: {fileID: 0}
  m_PrefabAsset: {fileID: 0}
  m_GameObject: {fileID: 6378952839439802671}
  m_LocalRotation: {x: -0.00740322, y: 0.058537934, z: -0.005036989, w: 0.99824506}
  m_LocalPosition: {x: -0.20550674, y: -0.00000062465665, z: -0.000000114440915}
  m_LocalScale: {x: 1.0000001, y: 1.0000001, z: 1}
  m_Children: []
  m_Father: {fileID: 9097117708680203128}
  m_RootOrder: 0
  m_LocalEulerAnglesHint: {x: 0, y: 0, z: 0}
--- !u!1 &6611475017793930770
GameObject:
  m_ObjectHideFlags: 0
  m_CorrespondingSourceObject: {fileID: 0}
  m_PrefabInstance: {fileID: 0}
  m_PrefabAsset: {fileID: 0}
  serializedVersion: 6
  m_Component:
  - component: {fileID: 899741485268959807}
  m_Layer: 0
  m_Name: LArm_Fing1_Bn_01
  m_TagString: Untagged
  m_Icon: {fileID: 0}
  m_NavMeshLayer: 0
  m_StaticEditorFlags: 0
  m_IsActive: 1
--- !u!4 &899741485268959807
Transform:
  m_ObjectHideFlags: 0
  m_CorrespondingSourceObject: {fileID: 0}
  m_PrefabInstance: {fileID: 0}
  m_PrefabAsset: {fileID: 0}
  m_GameObject: {fileID: 6611475017793930770}
  m_LocalRotation: {x: -0.6960423, y: 0.08070685, z: 0.13325778, w: 0.7008951}
  m_LocalPosition: {x: -0.47513884, y: -0.0026504516, z: 0.2279578}
  m_LocalScale: {x: 1.0000002, y: 1.0000006, z: 1.0000006}
  m_Children:
  - {fileID: 7591213486658966346}
  m_Father: {fileID: 7250275060286502099}
  m_RootOrder: 0
  m_LocalEulerAnglesHint: {x: 0, y: 0, z: 0}
--- !u!1 &6735495677481614297
GameObject:
  m_ObjectHideFlags: 0
  m_CorrespondingSourceObject: {fileID: 0}
  m_PrefabInstance: {fileID: 0}
  m_PrefabAsset: {fileID: 0}
  serializedVersion: 6
  m_Component:
  - component: {fileID: 4326718722411721405}
  m_Layer: 0
  m_Name: RArm_Thumb_Bn_02
  m_TagString: Untagged
  m_Icon: {fileID: 0}
  m_NavMeshLayer: 0
  m_StaticEditorFlags: 0
  m_IsActive: 1
--- !u!4 &4326718722411721405
Transform:
  m_ObjectHideFlags: 0
  m_CorrespondingSourceObject: {fileID: 0}
  m_PrefabInstance: {fileID: 0}
  m_PrefabAsset: {fileID: 0}
  m_GameObject: {fileID: 6735495677481614297}
  m_LocalRotation: {x: 0.000014409208, y: -0.0019088105, z: 0.031902723, w: 0.9994892}
  m_LocalPosition: {x: -0.23699355, y: -0.0000009155273, z: -0.00000061035155}
  m_LocalScale: {x: 0.99999994, y: 1.0000005, z: 1.0000001}
  m_Children:
  - {fileID: 4257505370543290603}
  m_Father: {fileID: 6212070706739273814}
  m_RootOrder: 0
  m_LocalEulerAnglesHint: {x: 0, y: 0, z: 0}
--- !u!1 &6820760313406486253
GameObject:
  m_ObjectHideFlags: 0
  m_CorrespondingSourceObject: {fileID: 0}
  m_PrefabInstance: {fileID: 0}
  m_PrefabAsset: {fileID: 0}
  serializedVersion: 6
  m_Component:
  - component: {fileID: 4922732917456441164}
  m_Layer: 0
  m_Name: LArm_Fing1_Bn_03
  m_TagString: Untagged
  m_Icon: {fileID: 0}
  m_NavMeshLayer: 0
  m_StaticEditorFlags: 0
  m_IsActive: 1
--- !u!4 &4922732917456441164
Transform:
  m_ObjectHideFlags: 0
  m_CorrespondingSourceObject: {fileID: 0}
  m_PrefabInstance: {fileID: 0}
  m_PrefabAsset: {fileID: 0}
  m_GameObject: {fileID: 6820760313406486253}
  m_LocalRotation: {x: -0.000000007137258, y: -0.00000029050884, z: -0.011743105,
    w: 0.99993104}
  m_LocalPosition: {x: -0.13349822, y: -0.00000015258789, z: -0.00000061035155}
  m_LocalScale: {x: 1.0000001, y: 1.0000001, z: 1}
  m_Children:
  - {fileID: 5996765645616038456}
  m_Father: {fileID: 7591213486658966346}
  m_RootOrder: 0
  m_LocalEulerAnglesHint: {x: 0, y: 0, z: 0}
--- !u!1 &6873444138263542911
GameObject:
  m_ObjectHideFlags: 0
  m_CorrespondingSourceObject: {fileID: 0}
  m_PrefabInstance: {fileID: 0}
  m_PrefabAsset: {fileID: 0}
  serializedVersion: 6
  m_Component:
  - component: {fileID: 1290394558947580829}
  m_Layer: 0
  m_Name: RArm_Fing1_Bn_01
  m_TagString: Untagged
  m_Icon: {fileID: 0}
  m_NavMeshLayer: 0
  m_StaticEditorFlags: 0
  m_IsActive: 1
--- !u!4 &1290394558947580829
Transform:
  m_ObjectHideFlags: 0
  m_CorrespondingSourceObject: {fileID: 0}
  m_PrefabInstance: {fileID: 0}
  m_PrefabAsset: {fileID: 0}
  m_GameObject: {fileID: 6873444138263542911}
  m_LocalRotation: {x: 0.70119256, y: 0.111202724, z: -0.10277007, w: 0.6967075}
  m_LocalPosition: {x: -0.47513855, y: 0.0026510619, z: 0.22795817}
  m_LocalScale: {x: 0.99999994, y: 0.99999976, z: 1}
  m_Children:
  - {fileID: 4509887852671878691}
  m_Father: {fileID: 1810526435233346639}
  m_RootOrder: 0
  m_LocalEulerAnglesHint: {x: 0, y: 0, z: 0}
--- !u!1 &7061379297296696177
GameObject:
  m_ObjectHideFlags: 0
  m_CorrespondingSourceObject: {fileID: 0}
  m_PrefabInstance: {fileID: 0}
  m_PrefabAsset: {fileID: 0}
  serializedVersion: 6
  m_Component:
  - component: {fileID: 5943956533799613710}
  m_Layer: 0
  m_Name: LArm_Fing2_Bn_02
  m_TagString: Untagged
  m_Icon: {fileID: 0}
  m_NavMeshLayer: 0
  m_StaticEditorFlags: 0
  m_IsActive: 1
--- !u!4 &5943956533799613710
Transform:
  m_ObjectHideFlags: 0
  m_CorrespondingSourceObject: {fileID: 0}
  m_PrefabInstance: {fileID: 0}
  m_PrefabAsset: {fileID: 0}
  m_GameObject: {fileID: 7061379297296696177}
  m_LocalRotation: {x: 0.00007737947, y: -0.0056492104, z: 0.00020594845, w: 0.999984}
  m_LocalPosition: {x: -0.3217151, y: -0.0000051879883, z: 0}
  m_LocalScale: {x: 0.9999997, y: 1, z: 0.9999998}
  m_Children:
  - {fileID: 658556751195347685}
  m_Father: {fileID: 1457874123507563958}
  m_RootOrder: 0
  m_LocalEulerAnglesHint: {x: 0, y: 0, z: 0}
--- !u!1 &7079861877147871640
GameObject:
  m_ObjectHideFlags: 0
  m_CorrespondingSourceObject: {fileID: 0}
  m_PrefabInstance: {fileID: 0}
  m_PrefabAsset: {fileID: 0}
  serializedVersion: 6
  m_Component:
  - component: {fileID: 5294915837933814212}
  m_Layer: 0
  m_Name: LLeg_KneeCap_Bn_01
  m_TagString: Untagged
  m_Icon: {fileID: 0}
  m_NavMeshLayer: 0
  m_StaticEditorFlags: 0
  m_IsActive: 1
--- !u!4 &5294915837933814212
Transform:
  m_ObjectHideFlags: 0
  m_CorrespondingSourceObject: {fileID: 0}
  m_PrefabInstance: {fileID: 0}
  m_PrefabAsset: {fileID: 0}
  m_GameObject: {fileID: 7079861877147871640}
  m_LocalRotation: {x: 0.00005241652, y: -0.00008831664, z: 0.36898264, w: 0.92943627}
  m_LocalPosition: {x: -1.0843364, y: -0.00043375013, z: 0.000022125243}
  m_LocalScale: {x: 0.9999998, y: 0.9999999, z: 0.99999976}
  m_Children:
  - {fileID: 7488450171355562811}
  m_Father: {fileID: 3556993422728602340}
  m_RootOrder: 0
  m_LocalEulerAnglesHint: {x: 0, y: 0, z: 0}
--- !u!1 &7167526660143098332
GameObject:
  m_ObjectHideFlags: 0
  m_CorrespondingSourceObject: {fileID: 0}
  m_PrefabInstance: {fileID: 0}
  m_PrefabAsset: {fileID: 0}
  serializedVersion: 6
  m_Component:
  - component: {fileID: 9093172447322807276}
  m_Layer: 0
  m_Name: RArm_Thumb_Be_01
  m_TagString: Untagged
  m_Icon: {fileID: 0}
  m_NavMeshLayer: 0
  m_StaticEditorFlags: 0
  m_IsActive: 1
--- !u!4 &9093172447322807276
Transform:
  m_ObjectHideFlags: 0
  m_CorrespondingSourceObject: {fileID: 0}
  m_PrefabInstance: {fileID: 0}
  m_PrefabAsset: {fileID: 0}
  m_GameObject: {fileID: 7167526660143098332}
  m_LocalRotation: {x: 0.00000010191926, y: -0.000001389533, z: -0.000001675165, w: 1}
  m_LocalPosition: {x: -0.1119693, y: -0.00000061035155, z: -0.00000061035155}
  m_LocalScale: {x: 1.0000002, y: 1.0000002, z: 1.0000002}
  m_Children: []
  m_Father: {fileID: 4257505370543290603}
  m_RootOrder: 0
  m_LocalEulerAnglesHint: {x: 0, y: 0, z: 0}
--- !u!1 &7719701512878925524
GameObject:
  m_ObjectHideFlags: 0
  m_CorrespondingSourceObject: {fileID: 0}
  m_PrefabInstance: {fileID: 0}
  m_PrefabAsset: {fileID: 0}
  serializedVersion: 6
  m_Component:
  - component: {fileID: 6735901221013902535}
  - component: {fileID: 8278294732997914123}
  m_Layer: 0
  m_Name: GGJ2020_CharPieces_SkeletonLegs_Anim_Run_01
  m_TagString: Untagged
  m_Icon: {fileID: 0}
  m_NavMeshLayer: 0
  m_StaticEditorFlags: 0
  m_IsActive: 1
--- !u!4 &6735901221013902535
Transform:
  m_ObjectHideFlags: 0
  m_CorrespondingSourceObject: {fileID: 0}
  m_PrefabInstance: {fileID: 0}
  m_PrefabAsset: {fileID: 0}
  m_GameObject: {fileID: 7719701512878925524}
  m_LocalRotation: {x: 0, y: 0, z: 0, w: 1}
  m_LocalPosition: {x: 0, y: 0, z: 0}
  m_LocalScale: {x: 1, y: 1, z: 1}
  m_Children:
  - {fileID: 2634262835970923560}
  - {fileID: 5793831053199338402}
  - {fileID: 1613617238345607168}
  - {fileID: 8410132700080034215}
  m_Father: {fileID: 0}
  m_RootOrder: 0
  m_LocalEulerAnglesHint: {x: 0, y: 0, z: 0}
--- !u!95 &8278294732997914123
Animator:
  serializedVersion: 3
  m_ObjectHideFlags: 0
  m_CorrespondingSourceObject: {fileID: 0}
  m_PrefabInstance: {fileID: 0}
  m_PrefabAsset: {fileID: 0}
  m_GameObject: {fileID: 7719701512878925524}
  m_Enabled: 1
  m_Avatar: {fileID: 0}
  m_Controller: {fileID: 9100000, guid: d18e18534d4f90c46bc53a465c69d457, type: 2}
  m_CullingMode: 0
  m_UpdateMode: 0
  m_ApplyRootMotion: 0
  m_LinearVelocityBlending: 0
  m_WarningMessage: 
  m_HasTransformHierarchy: 1
  m_AllowConstantClipSamplingOptimization: 1
  m_KeepAnimatorControllerStateOnDisable: 0
--- !u!1 &7746439559676461006
GameObject:
  m_ObjectHideFlags: 0
  m_CorrespondingSourceObject: {fileID: 0}
  m_PrefabInstance: {fileID: 0}
  m_PrefabAsset: {fileID: 0}
  serializedVersion: 6
  m_Component:
  - component: {fileID: 6481128050625154124}
  m_Layer: 0
  m_Name: LLeg_Lower_Bn_01
  m_TagString: Untagged
  m_Icon: {fileID: 0}
  m_NavMeshLayer: 0
  m_StaticEditorFlags: 0
  m_IsActive: 1
--- !u!4 &6481128050625154124
Transform:
  m_ObjectHideFlags: 0
  m_CorrespondingSourceObject: {fileID: 0}
  m_PrefabInstance: {fileID: 0}
  m_PrefabAsset: {fileID: 0}
  m_GameObject: {fileID: 7746439559676461006}
  m_LocalRotation: {x: 0.000013252686, y: -0.000043608627, z: 0.00035815212, w: 0.99999994}
  m_LocalPosition: {x: -1.2650645, y: -0.0000061798096, z: -0.000019226074}
  m_LocalScale: {x: 1, y: 0.9999999, z: 0.99999976}
  m_Children:
  - {fileID: 9015873136566591036}
  - {fileID: 5317236486194443119}
  m_Father: {fileID: 3556993422728602340}
  m_RootOrder: 1
  m_LocalEulerAnglesHint: {x: 0, y: 0, z: 0}
--- !u!1 &7804195299493442173
GameObject:
  m_ObjectHideFlags: 0
  m_CorrespondingSourceObject: {fileID: 0}
  m_PrefabInstance: {fileID: 0}
  m_PrefabAsset: {fileID: 0}
  serializedVersion: 6
  m_Component:
  - component: {fileID: 5756425270779281426}
  m_Layer: 0
  m_Name: LFoot_Toes1_Bn_01
  m_TagString: Untagged
  m_Icon: {fileID: 0}
  m_NavMeshLayer: 0
  m_StaticEditorFlags: 0
  m_IsActive: 1
--- !u!4 &5756425270779281426
Transform:
  m_ObjectHideFlags: 0
  m_CorrespondingSourceObject: {fileID: 0}
  m_PrefabInstance: {fileID: 0}
  m_PrefabAsset: {fileID: 0}
  m_GameObject: {fileID: 7804195299493442173}
  m_LocalRotation: {x: -0.016650865, y: 0.2119557, z: 0.025823586, w: 0.97679615}
  m_LocalPosition: {x: -0.2664967, y: -0.0000004673004, z: -0.00000030517577}
  m_LocalScale: {x: 1.0000001, y: 1.0000002, z: 1.0000001}
  m_Children:
  - {fileID: 1161880133883974150}
  - {fileID: 1419718304132027067}
  m_Father: {fileID: 9015873136566591036}
  m_RootOrder: 0
  m_LocalEulerAnglesHint: {x: 0, y: 0, z: 0}
--- !u!1 &7944119019127838426
GameObject:
  m_ObjectHideFlags: 0
  m_CorrespondingSourceObject: {fileID: 0}
  m_PrefabInstance: {fileID: 0}
  m_PrefabAsset: {fileID: 0}
  serializedVersion: 6
  m_Component:
  - component: {fileID: 2526047059577013508}
  m_Layer: 0
  m_Name: LArm_Fing4_Bn_02
  m_TagString: Untagged
  m_Icon: {fileID: 0}
  m_NavMeshLayer: 0
  m_StaticEditorFlags: 0
  m_IsActive: 1
--- !u!4 &2526047059577013508
Transform:
  m_ObjectHideFlags: 0
  m_CorrespondingSourceObject: {fileID: 0}
  m_PrefabInstance: {fileID: 0}
  m_PrefabAsset: {fileID: 0}
  m_GameObject: {fileID: 7944119019127838426}
  m_LocalRotation: {x: -0.00011574041, y: -0.007020292, z: 0.016522959, w: 0.9998389}
  m_LocalPosition: {x: -0.22355774, y: 0.00000022888183, z: 0}
  m_LocalScale: {x: 0.99999994, y: 1, z: 1.0000001}
  m_Children:
  - {fileID: 2609035235603035923}
  m_Father: {fileID: 3246344877675438246}
  m_RootOrder: 0
  m_LocalEulerAnglesHint: {x: 0, y: 0, z: 0}
--- !u!1 &7982178884244088771
GameObject:
  m_ObjectHideFlags: 0
  m_CorrespondingSourceObject: {fileID: 0}
  m_PrefabInstance: {fileID: 0}
  m_PrefabAsset: {fileID: 0}
  serializedVersion: 6
  m_Component:
  - component: {fileID: 4879352631822962941}
  m_Layer: 0
  m_Name: Spine_Neck1_Bn_02
  m_TagString: Untagged
  m_Icon: {fileID: 0}
  m_NavMeshLayer: 0
  m_StaticEditorFlags: 0
  m_IsActive: 1
--- !u!4 &4879352631822962941
Transform:
  m_ObjectHideFlags: 0
  m_CorrespondingSourceObject: {fileID: 0}
  m_PrefabInstance: {fileID: 0}
  m_PrefabAsset: {fileID: 0}
  m_GameObject: {fileID: 7982178884244088771}
  m_LocalRotation: {x: 0.0014150942, y: -0.0022167992, z: 0.18728235, w: 0.9823026}
  m_LocalPosition: {x: -0.46557128, y: 0.0000037002562, z: -0.00000012874602}
  m_LocalScale: {x: 1, y: 0.99999976, z: 1.0000001}
  m_Children:
  - {fileID: 472828394630794884}
  m_Father: {fileID: 3361534930394004943}
  m_RootOrder: 0
  m_LocalEulerAnglesHint: {x: 0, y: 0, z: 0}
--- !u!1 &8066233494952149798
GameObject:
  m_ObjectHideFlags: 0
  m_CorrespondingSourceObject: {fileID: 0}
  m_PrefabInstance: {fileID: 0}
  m_PrefabAsset: {fileID: 0}
  serializedVersion: 6
  m_Component:
  - component: {fileID: 7101658495778138480}
  m_Layer: 0
  m_Name: Pelvis
  m_TagString: Untagged
  m_Icon: {fileID: 0}
  m_NavMeshLayer: 0
  m_StaticEditorFlags: 0
  m_IsActive: 1
--- !u!4 &7101658495778138480
Transform:
  m_ObjectHideFlags: 0
  m_CorrespondingSourceObject: {fileID: 0}
  m_PrefabInstance: {fileID: 0}
  m_PrefabAsset: {fileID: 0}
  m_GameObject: {fileID: 8066233494952149798}
  m_LocalRotation: {x: 0.02968336, y: -0.00000011499735, z: -0.00000035437046, w: 0.9995594}
  m_LocalPosition: {x: -0, y: -0.00000030517577, z: 0}
  m_LocalScale: {x: 1.0000002, y: 1.0000002, z: 1}
  m_Children:
  - {fileID: 4020366040367680951}
  - {fileID: 28361407568404736}
  - {fileID: 1952726779188752900}
  m_Father: {fileID: 4553934683299062120}
  m_RootOrder: 0
  m_LocalEulerAnglesHint: {x: 0, y: 0, z: 0}
--- !u!1 &8140204731242143562
GameObject:
  m_ObjectHideFlags: 0
  m_CorrespondingSourceObject: {fileID: 0}
  m_PrefabInstance: {fileID: 0}
  m_PrefabAsset: {fileID: 0}
  serializedVersion: 6
  m_Component:
  - component: {fileID: 552347947575487253}
  m_Layer: 0
  m_Name: LArm_Thumb_Bn_01
  m_TagString: Untagged
  m_Icon: {fileID: 0}
  m_NavMeshLayer: 0
  m_StaticEditorFlags: 0
  m_IsActive: 1
--- !u!4 &552347947575487253
Transform:
  m_ObjectHideFlags: 0
  m_CorrespondingSourceObject: {fileID: 0}
  m_PrefabInstance: {fileID: 0}
  m_PrefabAsset: {fileID: 0}
  m_GameObject: {fileID: 8140204731242143562}
  m_LocalRotation: {x: -0.61996853, y: 0.28924423, z: 0.34225276, w: 0.64408064}
  m_LocalPosition: {x: -0.21846221, y: 0.0007675171, z: 0.23662013}
  m_LocalScale: {x: 1.0000006, y: 1.0000006, z: 1.0000007}
  m_Children:
  - {fileID: 4562761102005249247}
  m_Father: {fileID: 7250275060286502099}
  m_RootOrder: 4
  m_LocalEulerAnglesHint: {x: 0, y: 0, z: 0}
--- !u!1 &8201653949868676123
GameObject:
  m_ObjectHideFlags: 0
  m_CorrespondingSourceObject: {fileID: 0}
  m_PrefabInstance: {fileID: 0}
  m_PrefabAsset: {fileID: 0}
  serializedVersion: 6
  m_Component:
  - component: {fileID: 4760413133796967158}
  m_Layer: 0
  m_Name: RArm_Lower_Bn_01
  m_TagString: Untagged
  m_Icon: {fileID: 0}
  m_NavMeshLayer: 0
  m_StaticEditorFlags: 0
  m_IsActive: 1
--- !u!4 &4760413133796967158
Transform:
  m_ObjectHideFlags: 0
  m_CorrespondingSourceObject: {fileID: 0}
  m_PrefabInstance: {fileID: 0}
  m_PrefabAsset: {fileID: 0}
  m_GameObject: {fileID: 8201653949868676123}
  m_LocalRotation: {x: -0.0006603211, y: 0.09676104, z: -0.018117819, w: 0.9951425}
  m_LocalPosition: {x: -1.2864124, y: 0.00000030517577, z: 0.0000003814697}
  m_LocalScale: {x: 0.9999999, y: 0.99999994, z: 0.9999999}
  m_Children:
  - {fileID: 1810526435233346639}
  m_Father: {fileID: 3135883724410287975}
  m_RootOrder: 0
  m_LocalEulerAnglesHint: {x: 0, y: 0, z: 0}
--- !u!1 &8383684689439723046
GameObject:
  m_ObjectHideFlags: 0
  m_CorrespondingSourceObject: {fileID: 0}
  m_PrefabInstance: {fileID: 0}
  m_PrefabAsset: {fileID: 0}
  serializedVersion: 6
  m_Component:
  - component: {fileID: 8387380807983872060}
  m_Layer: 0
  m_Name: RArm_Fing4_Bn_02
  m_TagString: Untagged
  m_Icon: {fileID: 0}
  m_NavMeshLayer: 0
  m_StaticEditorFlags: 0
  m_IsActive: 1
--- !u!4 &8387380807983872060
Transform:
  m_ObjectHideFlags: 0
  m_CorrespondingSourceObject: {fileID: 0}
  m_PrefabInstance: {fileID: 0}
  m_PrefabAsset: {fileID: 0}
  m_GameObject: {fileID: 8383684689439723046}
  m_LocalRotation: {x: 0.00011575066, y: -0.007020074, z: -0.016522938, w: 0.9998389}
  m_LocalPosition: {x: -0.22355804, y: -0.00000036239624, z: 0.00000061035155}
  m_LocalScale: {x: 1.0000002, y: 1, z: 0.9999999}
  m_Children:
  - {fileID: 8431335714618687917}
  m_Father: {fileID: 3177194452918766415}
  m_RootOrder: 0
  m_LocalEulerAnglesHint: {x: 0, y: 0, z: 0}
--- !u!1 &8401964757463246787
GameObject:
  m_ObjectHideFlags: 0
  m_CorrespondingSourceObject: {fileID: 0}
  m_PrefabInstance: {fileID: 0}
  m_PrefabAsset: {fileID: 0}
  serializedVersion: 6
  m_Component:
  - component: {fileID: 5317236486194443119}
  m_Layer: 0
  m_Name: LLeg_Lower_Be_01
  m_TagString: Untagged
  m_Icon: {fileID: 0}
  m_NavMeshLayer: 0
  m_StaticEditorFlags: 0
  m_IsActive: 1
--- !u!4 &5317236486194443119
Transform:
  m_ObjectHideFlags: 0
  m_CorrespondingSourceObject: {fileID: 0}
  m_PrefabInstance: {fileID: 0}
  m_PrefabAsset: {fileID: 0}
  m_GameObject: {fileID: 8401964757463246787}
  m_LocalRotation: {x: -0.0000037124705, y: -0.0000033872252, z: -0.4752595, w: 0.8798457}
  m_LocalPosition: {x: -1.4902999, y: 0.00000028610228, z: 0.0000009536743}
  m_LocalScale: {x: 1.0000001, y: 0.9999999, z: 0.99999994}
  m_Children: []
  m_Father: {fileID: 6481128050625154124}
  m_RootOrder: 1
  m_LocalEulerAnglesHint: {x: 0, y: 0, z: 0}
--- !u!1 &8417121335618957184
GameObject:
  m_ObjectHideFlags: 0
  m_CorrespondingSourceObject: {fileID: 0}
  m_PrefabInstance: {fileID: 0}
  m_PrefabAsset: {fileID: 0}
  serializedVersion: 6
  m_Component:
  - component: {fileID: 7591213486658966346}
  m_Layer: 0
  m_Name: LArm_Fing1_Bn_02
  m_TagString: Untagged
  m_Icon: {fileID: 0}
  m_NavMeshLayer: 0
  m_StaticEditorFlags: 0
  m_IsActive: 1
--- !u!4 &7591213486658966346
Transform:
  m_ObjectHideFlags: 0
  m_CorrespondingSourceObject: {fileID: 0}
  m_PrefabInstance: {fileID: 0}
  m_PrefabAsset: {fileID: 0}
  m_GameObject: {fileID: 8417121335618957184}
  m_LocalRotation: {x: 0.000029017989, y: -0.0058319457, z: -0.0049576936, w: 0.99997073}
  m_LocalPosition: {x: -0.2818179, y: 0.000000114440915, z: 0}
  m_LocalScale: {x: 0.99999976, y: 0.99999994, z: 0.99999994}
  m_Children:
  - {fileID: 4922732917456441164}
  m_Father: {fileID: 899741485268959807}
  m_RootOrder: 0
  m_LocalEulerAnglesHint: {x: 0, y: 0, z: 0}
--- !u!1 &8592383538727324416
GameObject:
  m_ObjectHideFlags: 0
  m_CorrespondingSourceObject: {fileID: 0}
  m_PrefabInstance: {fileID: 0}
  m_PrefabAsset: {fileID: 0}
  serializedVersion: 6
  m_Component:
  - component: {fileID: 6169357585476525589}
  m_Layer: 0
  m_Name: RLeg_LowLeg_Bn_01
  m_TagString: Untagged
  m_Icon: {fileID: 0}
  m_NavMeshLayer: 0
  m_StaticEditorFlags: 0
  m_IsActive: 1
--- !u!4 &6169357585476525589
Transform:
  m_ObjectHideFlags: 0
  m_CorrespondingSourceObject: {fileID: 0}
  m_PrefabInstance: {fileID: 0}
  m_PrefabAsset: {fileID: 0}
  m_GameObject: {fileID: 8592383538727324416}
  m_LocalRotation: {x: -0.000010432622, y: -0.000018684088, z: -0.00009962495, w: 1}
  m_LocalPosition: {x: -1.265065, y: 0.0000065040585, z: -0.000019378662}
  m_LocalScale: {x: 0.9999999, y: 1, z: 1}
  m_Children:
  - {fileID: 4134379056592571889}
  - {fileID: 3050202625588097713}
  m_Father: {fileID: 2434972924258067792}
  m_RootOrder: 1
  m_LocalEulerAnglesHint: {x: 0, y: 0, z: 0}
--- !u!1 &8739373971532631020
GameObject:
  m_ObjectHideFlags: 0
  m_CorrespondingSourceObject: {fileID: 0}
  m_PrefabInstance: {fileID: 0}
  m_PrefabAsset: {fileID: 0}
  serializedVersion: 6
  m_Component:
  - component: {fileID: 4134379056592571889}
  m_Layer: 0
  m_Name: RFoot_Heel_Bn_01
  m_TagString: Untagged
  m_Icon: {fileID: 0}
  m_NavMeshLayer: 0
  m_StaticEditorFlags: 0
  m_IsActive: 1
--- !u!4 &4134379056592571889
Transform:
  m_ObjectHideFlags: 0
  m_CorrespondingSourceObject: {fileID: 0}
  m_PrefabInstance: {fileID: 0}
  m_PrefabAsset: {fileID: 0}
  m_GameObject: {fileID: 8739373971532631020}
  m_LocalRotation: {x: 0.02148955, y: 0.032995787, z: -0.6843842, w: 0.7280575}
  m_LocalPosition: {x: -1.5608793, y: -0.10766075, z: -0.0000021362305}
  m_LocalScale: {x: 1.0000002, y: 0.99999994, z: 0.99999994}
  m_Children:
  - {fileID: 4228422455569505132}
  m_Father: {fileID: 6169357585476525589}
  m_RootOrder: 0
  m_LocalEulerAnglesHint: {x: 0, y: 0, z: 0}
