%YAML 1.1
%TAG !u! tag:unity3d.com,2011:
--- !u!95 &4125226900827819271
Animator:
  serializedVersion: 3
  m_ObjectHideFlags: 0
  m_CorrespondingSourceObject: {fileID: 0}
  m_PrefabInstance: {fileID: 0}
  m_PrefabAsset: {fileID: 0}
  m_GameObject: {fileID: 987670112700734391}
  m_Enabled: 1
  m_Avatar: {fileID: 0}
  m_Controller: {fileID: 9100000, guid: 9b52b6db7cdfa4a71b1a3983e8f911ed, type: 2}
  m_CullingMode: 0
  m_UpdateMode: 0
  m_ApplyRootMotion: 0
  m_LinearVelocityBlending: 0
  m_WarningMessage: 
  m_HasTransformHierarchy: 1
  m_AllowConstantClipSamplingOptimization: 1
  m_KeepAnimatorControllerStateOnDisable: 0
--- !u!1 &1896726860764482476
GameObject:
  m_ObjectHideFlags: 0
  m_CorrespondingSourceObject: {fileID: 0}
  m_PrefabInstance: {fileID: 0}
  m_PrefabAsset: {fileID: 0}
  serializedVersion: 6
  m_Component:
  - component: {fileID: 8696809387210061589}
  - component: {fileID: 6355735143257477693}
  - component: {fileID: 3713031138299374675}
  - component: {fileID: 2556902002223948022}
  - component: {fileID: 4442161235288411086}
  m_Layer: 0
  m_Name: EndGame Trigger Volume FromTop
  m_TagString: Untagged
  m_Icon: {fileID: 0}
  m_NavMeshLayer: 0
  m_StaticEditorFlags: 0
  m_IsActive: 1
--- !u!4 &8696809387210061589
Transform:
  m_ObjectHideFlags: 0
  m_CorrespondingSourceObject: {fileID: 0}
  m_PrefabInstance: {fileID: 0}
  m_PrefabAsset: {fileID: 0}
  m_GameObject: {fileID: 1896726860764482476}
  m_LocalRotation: {x: -0, y: 0.8925943, z: -0, w: -0.45086083}
  m_LocalPosition: {x: 9.45, y: 50.93, z: -16.75}
  m_LocalScale: {x: 5.700001, y: 4.5167203, z: 4.3100004}
  m_Children: []
  m_Father: {fileID: 4442161235098258767}
  m_RootOrder: 1
  m_LocalEulerAnglesHint: {x: 0, y: 233.59799, z: 0}
--- !u!33 &6355735143257477693
MeshFilter:
  m_ObjectHideFlags: 0
  m_CorrespondingSourceObject: {fileID: 0}
  m_PrefabInstance: {fileID: 0}
  m_PrefabAsset: {fileID: 0}
  m_GameObject: {fileID: 1896726860764482476}
  m_Mesh: {fileID: 10202, guid: 0000000000000000e000000000000000, type: 0}
--- !u!23 &3713031138299374675
MeshRenderer:
  m_ObjectHideFlags: 0
  m_CorrespondingSourceObject: {fileID: 0}
  m_PrefabInstance: {fileID: 0}
  m_PrefabAsset: {fileID: 0}
  m_GameObject: {fileID: 1896726860764482476}
  m_Enabled: 0
  m_CastShadows: 1
  m_ReceiveShadows: 1
  m_DynamicOccludee: 1
  m_MotionVectors: 1
  m_LightProbeUsage: 1
  m_ReflectionProbeUsage: 1
  m_RayTracingMode: 2
  m_RenderingLayerMask: 1
  m_RendererPriority: 0
  m_Materials:
  - {fileID: 2100000, guid: 31321ba15b8f8eb4c954353edc038b1d, type: 2}
  m_StaticBatchInfo:
    firstSubMesh: 0
    subMeshCount: 0
  m_StaticBatchRoot: {fileID: 0}
  m_ProbeAnchor: {fileID: 0}
  m_LightProbeVolumeOverride: {fileID: 0}
  m_ScaleInLightmap: 1
  m_ReceiveGI: 1
  m_PreserveUVs: 0
  m_IgnoreNormalsForChartDetection: 0
  m_ImportantGI: 0
  m_StitchLightmapSeams: 1
  m_SelectedEditorRenderState: 3
  m_MinimumChartSize: 4
  m_AutoUVMaxDistance: 0.5
  m_AutoUVMaxAngle: 89
  m_LightmapParameters: {fileID: 0}
  m_SortingLayerID: 0
  m_SortingLayer: 0
  m_SortingOrder: 0
--- !u!65 &2556902002223948022
BoxCollider:
  m_ObjectHideFlags: 0
  m_CorrespondingSourceObject: {fileID: 0}
  m_PrefabInstance: {fileID: 0}
  m_PrefabAsset: {fileID: 0}
  m_GameObject: {fileID: 1896726860764482476}
  m_Material: {fileID: 13400000, guid: 0fcef3217b2a35c48a101e9dea678b7b, type: 2}
  m_IsTrigger: 1
  m_Enabled: 1
  serializedVersion: 2
  m_Size: {x: 5, y: 1, z: 5}
  m_Center: {x: 0, y: 0, z: 0}
--- !u!114 &4442161235288411086
MonoBehaviour:
  m_ObjectHideFlags: 0
  m_CorrespondingSourceObject: {fileID: 0}
  m_PrefabInstance: {fileID: 0}
  m_PrefabAsset: {fileID: 0}
  m_GameObject: {fileID: 1896726860764482476}
  m_Enabled: 1
  m_EditorHideFlags: 0
  m_Script: {fileID: 11500000, guid: 5d2e5f3343d0d431386aea382f0bfbd8, type: 3}
  m_Name: 
  m_EditorClassIdentifier: 
  mainCamera: {fileID: 0}
  cutsceneCamera: {fileID: 4442161235638152645}
  skellyAnimator: {fileID: 0}
  ripAnimator: {fileID: 4125226900827819271}
  transition: {fileID: 0}
--- !u!1 &4442161235098258764
GameObject:
  m_ObjectHideFlags: 0
  m_CorrespondingSourceObject: {fileID: 0}
  m_PrefabInstance: {fileID: 0}
  m_PrefabAsset: {fileID: 0}
  serializedVersion: 6
  m_Component:
  - component: {fileID: 4442161235098258767}
  m_Layer: 0
  m_Name: EndGame Trigger Volumes 1
  m_TagString: Untagged
  m_Icon: {fileID: 0}
  m_NavMeshLayer: 0
  m_StaticEditorFlags: 0
  m_IsActive: 1
--- !u!4 &4442161235098258767
Transform:
  m_ObjectHideFlags: 0
  m_CorrespondingSourceObject: {fileID: 0}
  m_PrefabInstance: {fileID: 0}
  m_PrefabAsset: {fileID: 0}
  m_GameObject: {fileID: 4442161235098258764}
  m_LocalRotation: {x: 0, y: 0, z: 0, w: 1}
  m_LocalPosition: {x: 0, y: 0, z: 0}
  m_LocalScale: {x: 1, y: 1, z: 1}
  m_Children:
  - {fileID: 1901862499405781546}
  - {fileID: 8696809387210061589}
  - {fileID: 4723882394416950330}
  - {fileID: 4442161236261762642}
  m_Father: {fileID: 0}
  m_RootOrder: 0
  m_LocalEulerAnglesHint: {x: 0, y: 0, z: 0}
--- !u!1 &4442161235638152649
GameObject:
  m_ObjectHideFlags: 0
  m_CorrespondingSourceObject: {fileID: 0}
  m_PrefabInstance: {fileID: 0}
  m_PrefabAsset: {fileID: 0}
  serializedVersion: 6
  m_Component:
  - component: {fileID: 4442161235638152648}
  - component: {fileID: 4442161235638152645}
  - component: {fileID: 4442161235638152650}
  - component: {fileID: 4442161235638152651}
  m_Layer: 8
  m_Name: AtGrave
  m_TagString: Untagged
  m_Icon: {fileID: 0}
  m_NavMeshLayer: 0
  m_StaticEditorFlags: 0
  m_IsActive: 0
--- !u!4 &4442161235638152648
Transform:
  m_ObjectHideFlags: 0
  m_CorrespondingSourceObject: {fileID: 0}
  m_PrefabInstance: {fileID: 0}
  m_PrefabAsset: {fileID: 0}
  m_GameObject: {fileID: 4442161235638152649}
  m_LocalRotation: {x: 0.00021679286, y: -0.9958228, z: -0.09127602, w: -0.0023764318}
  m_LocalPosition: {x: 4.961634, y: 0.673, z: -16.320862}
  m_LocalScale: {x: 1, y: 1, z: 1}
  m_Children: []
  m_Father: {fileID: 4442161236261762642}
  m_RootOrder: 0
  m_LocalEulerAnglesHint: {x: 0, y: 0, z: 0}
--- !u!20 &4442161235638152645
Camera:
  m_ObjectHideFlags: 0
  m_CorrespondingSourceObject: {fileID: 0}
  m_PrefabInstance: {fileID: 0}
  m_PrefabAsset: {fileID: 0}
  m_GameObject: {fileID: 4442161235638152649}
  m_Enabled: 1
  serializedVersion: 2
  m_ClearFlags: 1
  m_BackGroundColor: {r: 0.19215687, g: 0.3019608, b: 0.4745098, a: 0}
  m_projectionMatrixMode: 1
  m_GateFitMode: 2
  m_FOVAxisMode: 0
  m_SensorSize: {x: 36, y: 24}
  m_LensShift: {x: 0, y: 0}
  m_FocalLength: 50
  m_NormalizedViewPortRect:
    serializedVersion: 2
    x: 0
    y: 0
    width: 1
    height: 1
  near clip plane: 0.3
  far clip plane: 1000
  field of view: 60
  orthographic: 0
  orthographic size: 5
  m_Depth: 0
  m_CullingMask:
    serializedVersion: 2
    m_Bits: 4294967295
  m_RenderingPath: -1
  m_TargetTexture: {fileID: 0}
  m_TargetDisplay: 0
  m_TargetEye: 3
  m_HDR: 1
  m_AllowMSAA: 1
  m_AllowDynamicResolution: 0
  m_ForceIntoRT: 0
  m_OcclusionCulling: 1
  m_StereoConvergence: 10
  m_StereoSeparation: 0.022
--- !u!81 &4442161235638152650
AudioListener:
  m_ObjectHideFlags: 0
  m_CorrespondingSourceObject: {fileID: 0}
  m_PrefabInstance: {fileID: 0}
  m_PrefabAsset: {fileID: 0}
  m_GameObject: {fileID: 4442161235638152649}
  m_Enabled: 1
--- !u!114 &4442161235638152651
MonoBehaviour:
  m_ObjectHideFlags: 0
  m_CorrespondingSourceObject: {fileID: 0}
  m_PrefabInstance: {fileID: 0}
  m_PrefabAsset: {fileID: 0}
  m_GameObject: {fileID: 4442161235638152649}
  m_Enabled: 1
  m_EditorHideFlags: 0
  m_Script: {fileID: 11500000, guid: a79441f348de89743a2939f4d699eac1, type: 3}
  m_Name: 
  m_EditorClassIdentifier: 
  m_RenderShadows: 1
  m_RequiresDepthTextureOption: 2
  m_RequiresOpaqueTextureOption: 2
  m_CameraType: 0
  m_CameraOutput: 0
  m_Cameras: []
  m_RendererIndex: -1
  m_VolumeLayerMask:
    serializedVersion: 2
    m_Bits: 1
  m_VolumeTrigger: {fileID: 0}
  m_RenderPostProcessing: 0
  m_Antialiasing: 0
  m_AntialiasingQuality: 2
  m_StopNaN: 0
  m_Dithering: 0
  m_RequiresDepthTexture: 0
  m_RequiresColorTexture: 0
  m_Version: 2
--- !u!1 &4442161236261762643
GameObject:
  m_ObjectHideFlags: 0
  m_CorrespondingSourceObject: {fileID: 0}
  m_PrefabInstance: {fileID: 0}
  m_PrefabAsset: {fileID: 0}
  serializedVersion: 6
  m_Component:
  - component: {fileID: 4442161236261762642}
  m_Layer: 8
  m_Name: CinematicCameras
  m_TagString: Untagged
  m_Icon: {fileID: 0}
  m_NavMeshLayer: 0
  m_StaticEditorFlags: 0
  m_IsActive: 1
--- !u!4 &4442161236261762642
Transform:
  m_ObjectHideFlags: 0
  m_CorrespondingSourceObject: {fileID: 0}
  m_PrefabInstance: {fileID: 0}
  m_PrefabAsset: {fileID: 0}
  m_GameObject: {fileID: 4442161236261762643}
  m_LocalRotation: {x: -0, y: -0, z: -0, w: 1}
  m_LocalPosition: {x: 0, y: 0, z: 0}
  m_LocalScale: {x: 1, y: 1, z: 1}
  m_Children:
  - {fileID: 4442161235638152648}
  m_Father: {fileID: 4442161235098258767}
  m_RootOrder: 3
  m_LocalEulerAnglesHint: {x: 0, y: 0, z: 0}
--- !u!1 &8684915721035638419
GameObject:
  m_ObjectHideFlags: 0
  m_CorrespondingSourceObject: {fileID: 0}
  m_PrefabInstance: {fileID: 0}
  m_PrefabAsset: {fileID: 0}
  serializedVersion: 6
  m_Component:
  - component: {fileID: 1901862499405781546}
  - component: {fileID: 4242840149657124610}
  - component: {fileID: 5859981323825545580}
  - component: {fileID: 4732846703513488841}
  - component: {fileID: 6398451032758926930}
  m_Layer: 0
  m_Name: EndGame Trigger Volume AtGrave
  m_TagString: Untagged
  m_Icon: {fileID: 0}
  m_NavMeshLayer: 0
  m_StaticEditorFlags: 0
  m_IsActive: 0
--- !u!4 &1901862499405781546
Transform:
  m_ObjectHideFlags: 0
  m_CorrespondingSourceObject: {fileID: 0}
  m_PrefabInstance: {fileID: 0}
  m_PrefabAsset: {fileID: 0}
  m_GameObject: {fileID: 8684915721035638419}
  m_LocalRotation: {x: -0, y: 0.8925943, z: -0, w: -0.45086083}
  m_LocalPosition: {x: 5.027, y: 0.814, z: -19.483}
  m_LocalScale: {x: 5.700001, y: 4.5167203, z: 4.3100004}
  m_Children: []
  m_Father: {fileID: 4442161235098258767}
  m_RootOrder: 0
  m_LocalEulerAnglesHint: {x: 0, y: 233.59799, z: 0}
--- !u!33 &4242840149657124610
MeshFilter:
  m_ObjectHideFlags: 0
  m_CorrespondingSourceObject: {fileID: 0}
  m_PrefabInstance: {fileID: 0}
  m_PrefabAsset: {fileID: 0}
  m_GameObject: {fileID: 8684915721035638419}
  m_Mesh: {fileID: 10202, guid: 0000000000000000e000000000000000, type: 0}
--- !u!23 &5859981323825545580
MeshRenderer:
  m_ObjectHideFlags: 0
  m_CorrespondingSourceObject: {fileID: 0}
  m_PrefabInstance: {fileID: 0}
  m_PrefabAsset: {fileID: 0}
  m_GameObject: {fileID: 8684915721035638419}
  m_Enabled: 0
  m_CastShadows: 1
  m_ReceiveShadows: 1
  m_DynamicOccludee: 1
  m_MotionVectors: 1
  m_LightProbeUsage: 1
  m_ReflectionProbeUsage: 1
  m_RayTracingMode: 2
  m_RenderingLayerMask: 1
  m_RendererPriority: 0
  m_Materials:
  - {fileID: 2100000, guid: 31321ba15b8f8eb4c954353edc038b1d, type: 2}
  m_StaticBatchInfo:
    firstSubMesh: 0
    subMeshCount: 0
  m_StaticBatchRoot: {fileID: 0}
  m_ProbeAnchor: {fileID: 0}
  m_LightProbeVolumeOverride: {fileID: 0}
  m_ScaleInLightmap: 1
  m_ReceiveGI: 1
  m_PreserveUVs: 0
  m_IgnoreNormalsForChartDetection: 0
  m_ImportantGI: 0
  m_StitchLightmapSeams: 1
  m_SelectedEditorRenderState: 3
  m_MinimumChartSize: 4
  m_AutoUVMaxDistance: 0.5
  m_AutoUVMaxAngle: 89
  m_LightmapParameters: {fileID: 0}
  m_SortingLayerID: 0
  m_SortingLayer: 0
  m_SortingOrder: 0
--- !u!65 &4732846703513488841
BoxCollider:
  m_ObjectHideFlags: 0
  m_CorrespondingSourceObject: {fileID: 0}
  m_PrefabInstance: {fileID: 0}
  m_PrefabAsset: {fileID: 0}
  m_GameObject: {fileID: 8684915721035638419}
  m_Material: {fileID: 13400000, guid: 0fcef3217b2a35c48a101e9dea678b7b, type: 2}
  m_IsTrigger: 1
  m_Enabled: 1
  serializedVersion: 2
  m_Size: {x: 0.44, y: 0.47, z: 0.35}
  m_Center: {x: 0, y: 0, z: 0}
--- !u!114 &6398451032758926930
MonoBehaviour:
  m_ObjectHideFlags: 0
  m_CorrespondingSourceObject: {fileID: 0}
  m_PrefabInstance: {fileID: 0}
  m_PrefabAsset: {fileID: 0}
  m_GameObject: {fileID: 8684915721035638419}
  m_Enabled: 1
  m_EditorHideFlags: 0
  m_Script: {fileID: 11500000, guid: 5d2e5f3343d0d431386aea382f0bfbd8, type: 3}
  m_Name: 
  m_EditorClassIdentifier: 
  mainCamera: {fileID: 0}
  cutsceneCamera: {fileID: 4442161235638152645}
  skellyAnimator: {fileID: 0}
  ripAnimator: {fileID: 0}
  transition: {fileID: 0}
--- !u!1001 &3748057501683481713
PrefabInstance:
  m_ObjectHideFlags: 0
  serializedVersion: 2
  m_Modification:
    m_TransformParent: {fileID: 4442161235098258767}
    m_Modifications:
    - target: {fileID: 2879193333501395200, guid: f40628fab0fb2154385ca0ee90f77128,
        type: 3}
      propertyPath: m_textInfo.characterCount
      value: 6
      objectReference: {fileID: 0}
    - target: {fileID: 2879193333501395200, guid: f40628fab0fb2154385ca0ee90f77128,
        type: 3}
      propertyPath: m_textInfo.wordCount
      value: 3
      objectReference: {fileID: 0}
    - target: {fileID: 2879193333501395200, guid: f40628fab0fb2154385ca0ee90f77128,
        type: 3}
      propertyPath: m_textInfo.lineCount
      value: 1
      objectReference: {fileID: 0}
    - target: {fileID: 2879193333501395200, guid: f40628fab0fb2154385ca0ee90f77128,
        type: 3}
      propertyPath: m_textInfo.pageCount
      value: 1
      objectReference: {fileID: 0}
    - target: {fileID: 2879193333501395200, guid: f40628fab0fb2154385ca0ee90f77128,
        type: 3}
      propertyPath: m_fontColor32.rgba
      value: 4287291135
      objectReference: {fileID: 0}
    - target: {fileID: 4137638924192854211, guid: f40628fab0fb2154385ca0ee90f77128,
        type: 3}
      propertyPath: m_Mesh
      value: 
      objectReference: {fileID: 0}
    - target: {fileID: 4158844237281552326, guid: f40628fab0fb2154385ca0ee90f77128,
        type: 3}
      propertyPath: m_Name
      value: R.I.P.
      objectReference: {fileID: 0}
    - target: {fileID: 8470528123117850699, guid: f40628fab0fb2154385ca0ee90f77128,
        type: 3}
      propertyPath: m_LocalPosition.x
      value: 0
      objectReference: {fileID: 0}
    - target: {fileID: 8470528123117850699, guid: f40628fab0fb2154385ca0ee90f77128,
        type: 3}
      propertyPath: m_LocalPosition.y
      value: 0
      objectReference: {fileID: 0}
    - target: {fileID: 8470528123117850699, guid: f40628fab0fb2154385ca0ee90f77128,
        type: 3}
      propertyPath: m_LocalPosition.z
      value: -20.13
      objectReference: {fileID: 0}
    - target: {fileID: 8470528123117850699, guid: f40628fab0fb2154385ca0ee90f77128,
        type: 3}
      propertyPath: m_LocalRotation.x
      value: -0
      objectReference: {fileID: 0}
    - target: {fileID: 8470528123117850699, guid: f40628fab0fb2154385ca0ee90f77128,
        type: 3}
      propertyPath: m_LocalRotation.y
      value: 0.998053
      objectReference: {fileID: 0}
    - target: {fileID: 8470528123117850699, guid: f40628fab0fb2154385ca0ee90f77128,
        type: 3}
      propertyPath: m_LocalRotation.z
      value: -0
      objectReference: {fileID: 0}
    - target: {fileID: 8470528123117850699, guid: f40628fab0fb2154385ca0ee90f77128,
        type: 3}
      propertyPath: m_LocalRotation.w
      value: 0.06237155
      objectReference: {fileID: 0}
    - target: {fileID: 8470528123117850699, guid: f40628fab0fb2154385ca0ee90f77128,
        type: 3}
      propertyPath: m_RootOrder
      value: 2
      objectReference: {fileID: 0}
    - target: {fileID: 8470528123117850699, guid: f40628fab0fb2154385ca0ee90f77128,
        type: 3}
      propertyPath: m_LocalEulerAnglesHint.x
      value: 0
      objectReference: {fileID: 0}
    - target: {fileID: 8470528123117850699, guid: f40628fab0fb2154385ca0ee90f77128,
        type: 3}
      propertyPath: m_LocalEulerAnglesHint.y
      value: 172.848
      objectReference: {fileID: 0}
    - target: {fileID: 8470528123117850699, guid: f40628fab0fb2154385ca0ee90f77128,
        type: 3}
      propertyPath: m_LocalEulerAnglesHint.z
      value: 0
      objectReference: {fileID: 0}
    - target: {fileID: 8470528123117850699, guid: f40628fab0fb2154385ca0ee90f77128,
        type: 3}
      propertyPath: m_AnchoredPosition.x
      value: 5.33
      objectReference: {fileID: 0}
    - target: {fileID: 8470528123117850699, guid: f40628fab0fb2154385ca0ee90f77128,
        type: 3}
      propertyPath: m_AnchoredPosition.y
      value: 0.96
      objectReference: {fileID: 0}
    - target: {fileID: 8470528123117850699, guid: f40628fab0fb2154385ca0ee90f77128,
        type: 3}
      propertyPath: m_SizeDelta.x
      value: 20
      objectReference: {fileID: 0}
    - target: {fileID: 8470528123117850699, guid: f40628fab0fb2154385ca0ee90f77128,
        type: 3}
      propertyPath: m_SizeDelta.y
      value: 5
      objectReference: {fileID: 0}
    - target: {fileID: 8470528123117850699, guid: f40628fab0fb2154385ca0ee90f77128,
        type: 3}
      propertyPath: m_AnchorMin.x
      value: 0.5
      objectReference: {fileID: 0}
    - target: {fileID: 8470528123117850699, guid: f40628fab0fb2154385ca0ee90f77128,
        type: 3}
      propertyPath: m_AnchorMin.y
      value: 0.5
      objectReference: {fileID: 0}
    - target: {fileID: 8470528123117850699, guid: f40628fab0fb2154385ca0ee90f77128,
        type: 3}
      propertyPath: m_AnchorMax.x
      value: 0.5
      objectReference: {fileID: 0}
    - target: {fileID: 8470528123117850699, guid: f40628fab0fb2154385ca0ee90f77128,
        type: 3}
      propertyPath: m_AnchorMax.y
      value: 0.5
      objectReference: {fileID: 0}
    - target: {fileID: 8470528123117850699, guid: f40628fab0fb2154385ca0ee90f77128,
        type: 3}
      propertyPath: m_Pivot.x
      value: 0.5
      objectReference: {fileID: 0}
    - target: {fileID: 8470528123117850699, guid: f40628fab0fb2154385ca0ee90f77128,
        type: 3}
      propertyPath: m_Pivot.y
      value: 0.5
      objectReference: {fileID: 0}
    - target: {fileID: 8470528123117850699, guid: f40628fab0fb2154385ca0ee90f77128,
        type: 3}
      propertyPath: m_LocalScale.x
      value: 0.30453
      objectReference: {fileID: 0}
    - target: {fileID: 8470528123117850699, guid: f40628fab0fb2154385ca0ee90f77128,
        type: 3}
      propertyPath: m_LocalScale.y
      value: 0.30453
      objectReference: {fileID: 0}
    - target: {fileID: 8470528123117850699, guid: f40628fab0fb2154385ca0ee90f77128,
        type: 3}
      propertyPath: m_LocalScale.z
      value: 0.30453
      objectReference: {fileID: 0}
    m_RemovedComponents: []
  m_SourcePrefab: {fileID: 100100000, guid: f40628fab0fb2154385ca0ee90f77128, type: 3}
--- !u!1 &987670112700734391 stripped
GameObject:
  m_CorrespondingSourceObject: {fileID: 4158844237281552326, guid: f40628fab0fb2154385ca0ee90f77128,
    type: 3}
  m_PrefabInstance: {fileID: 3748057501683481713}
  m_PrefabAsset: {fileID: 0}
--- !u!224 &4723882394416950330 stripped
RectTransform:
  m_CorrespondingSourceObject: {fileID: 8470528123117850699, guid: f40628fab0fb2154385ca0ee90f77128,
    type: 3}
  m_PrefabInstance: {fileID: 3748057501683481713}
  m_PrefabAsset: {fileID: 0}
